2678 3928
482 234 870 361 esnvuoununsuiug„
1105 264 1166 330 101

632 482 693 546 101

248 594 320 686 Iste·
336 624 491 688 salutares
513 624 586 687 fons
609 624 753 688 continet
775 600 1029 715 incunabulum

319 733 352 793 et
373 729 456 795 solet
477 729 652 794 humanam
673 730 843 815 purificare
866 711 968 794 luem:
1055 805 1059 815 ι

248 838 359 901 munia
381 836 497 902 sacrati
521 860 602 921 quae
625 838 691 901 sint
712 838 763 901 uis
785 838 866 902 scire
889 824 1045 922 liquorisz'*

319 944 396 1008 dant
422 944 635 1030 regnatricem
663 945 797 1008 flumina
821 949 930 1009 sancta
957 921 1098 1031 fidom3“'·
1211 930 1216 939 ’

203 1067 219 1115 o
248 1050 342 1116 ablue
365 1052 455 1116 fonte
478 1072 567 1115 sacro
590 1052 710 1115 ueteris
733 1052 881 1136 contagia
903 1051 1004 1135 uitae,

319 1157 498 1222 onimium
521 1156 613 1242 felix,
635 1158 710 1221 uiue
733 1161 863 1222 renatus
886 1179 977 1240 aqua.
1071 1144 1079 1154 ⁴
1140 1222 1163 1239 fl

248 1261 335 1327 hunc
357 1265 480 1328 fontem
504 1263 697 1347 quicumque
719 1264 815 1348 pet't,
838 1266 964 1326 terrena
986 1246 1215 1345 relinquitffl

319 1368 438 1433 subicit
460 1368 650 1454 etpedibus
674 1390 766 1433 caeca
788 1368 974 1432 ministeria.

233 1523 374 1594 Scriptum
386 1525 442 1579 fuit
458 1526 507 1579 ‘ad
521 1526 639 1580 fontem’
656 1525 791 1580 ecclesiae
806 1543 827 1580 s.
842 1523 987 1579 Laurentii
1002 1524 1034 1577 in
1046 1523 1169 1577 Damaso

159 1597 233 1649 teste
252 1595 285 1664 V,
305 1595 355 1649 ubi
374 1596 527 1650 distichum
544 1597 661 1652 Damasi
679 1615 706 1650 n.
724 1601 758 1651 55
775 1596 930 1666 praecedit„
964 1598 1030 1664 post
1049 1593 1171 1649 Sirmon·

161 1666 228 1718 dum
246 1666 294 1735 (ad
313 1666 408 1722 Sidon.
423 1667 515 1735 Apoll.
530 1668 569 1721 ΙΠ
588 1684 630 1737 ep.
647 1674 689 1735 12,
707 1668 782 1722 unde
800 1668 925 1738 pendent
943 1665 1077 1720 Saraaam
1095 1683 1121 1719 n.
1136 1670 1169 1718 38

159 1739 189 1791 ct
206 1736 344 1791 Marinius
363 1756 408 1807 ap.
427 1737 535 1792 Maium
554 1738 654 1808 Script.
671 1741 728 1793 uet.
742 1739 769 1792 V
782 1757 809 1808 p.
825 1744 885 1806 170,
901 1741 928 1808 1)
946 1736 1037 1792 edidit
1054 1736 1170 1789 Rossius

158 1807 236 1862 lohr.
251 1808 317 1877 Hp.
330 1814 380 1862 133
394 1827 421 1863 n.
433 1816 457 1865 6,
485 1809 608 1863 Damaso
626 1808 685 1863 iam
698 1810 832 1863 Merenda
851 1808 1066 1863 abiudicauerat
1079 1825 1106 1876 p.
1118 1812 1168 1860 241

160 1879 198 1932 ad
215 1885 301 1947 1135,
320 1879 354 1934 cf.
369 1880 452 1934 Rossi
470 1880 543 1934 Bull.
559 1879 634 1934 crist.
651 1886 826 1935 1884—1885
844 1899 871 1949 p.
888 1885 929 1935 10.
966 1878 1067 1933 similis
1087 1894 1169 1947 argu-

159 1950 248 2004 menti
267 1950 472 2020 epigrammata
489 1970 516 2005 n.
533 1957 645 2006 72-74,
662 1956 713 2004 105

232 2026 246 2074 1
267 2024 399 2077 salutatas
412 2021 547 2076 Sarazani
610 2027 626 2075 5
645 2023 724 2077 ablue
737 2024 812 2089 fonte
824 2038 924 2077 maus
937 2027 997 2091 74,8
1061 2029 1077 2075 6
1097 2020 1168 2075 Stat.

161 2091 229 2146 silu.
240 2092 266 2145 V
276 2098 301 2161 ὃ,
312 2098 346 2146 59
365 2111 380 2148 o
394 2095 513 2147 nimiam
525 2094 601 2161 felia,
619 2093 661 2146 ΠΙ
675 2099 699 2162 3,
714 2098 748 2146 25
766 2094 842 2162 fella,
860 2112 886 2162 a,
900 2095 1017 2148 nimime
1030 2093 1105 2161 felix.
1135 2091 1169 2145 cf.

160 2163 244 2232 Verg.
259 2162 359 2233 Georg.
374 2164 466 2218 11458
485 2182 501 2219 o
518 2165 674 2233 fortunatos
690 2165 808 2219 nimium

632 2382 694 2444 102

203 2519 237 2586 N
238 2543 280 2585 on
296 2522 415 2585 mirum
430 2526 486 2608 est,
504 2523 603 2586 fallax
621 2524 758 2587 nimium
778 2522 865 2607 quod
882 2522 1011 2585 flamma
1029 2520 1171 2582 minatur

273 2630 425 2712 martyris
448 2633 481 2692 et
503 2652 619 2714 corpus
644 2630 692 2694 nil
714 2630 861 2694 nocitura
884 2631 1012 2692 cremat.

205 2756 345 2818 namque
369 2735 462 2799 docet
483 2736 559 2800 fidei
581 2758 732 2822 magnam
755 2737 823 2800 sine
845 2734 972 2798 uindice
995 2755 1098 2817 poena

273 2840 313 2903 ad
335 2842 459 2905 caelum
481 2841 596 2905 mediis
619 2842 749 2927 ignibus
773 2863 840 2905 esse
862 2841 958 2904 uiam.

162 2960 179 3010 5
205 2944 292 3009 hunc
315 2947 433 3010 etenim
456 2947 576 3011 fruitur
598 2951 721 3030 martyr
743 2946 935 3011 Laurentius
958 2945 1066 3031 ignem

272 3054 305 3115 et
327 3052 451 3116 meritis
474 3053 608 3116 summis
630 3076 671 3117 ne
693 3054 851 3117 moriatur
874 3052 950 3138 agit.

230 3208 273 3261 Ex
291 3208 325 3276 L,
349 3207 398 3275 qui
421 3208 496 3263 solus
520 3209 646 3264 seruauit
668 3227 732 3263 oum
754 3209 886 3263 lemmate
909 3209 941 3260 iu
963 3208 1074 3262 eoadem
1098 3207 1171 3261 beati

161 3281 311 3335 Laurentii
332 3281 476 3349 martyris,
499 3278 649 3334 edidenmt
668 3280 746 3335 Grut.
767 3284 911 3347 1164,12,
934 3277 1071 3332 Marinius
1095 3277 1172 3346 apud

160 3350 268 3404 Maium
283 3349 382 3419 Script.
398 3352 453 3405 uet.
464 3350 490 3403 V
503 3369 530 3420 p.
546 3356 589 3421 33,
600 3357 624 3420 3,
639 3350 722 3405 Rossi
735 3351 812 3406 Iohr.
827 3350 854 3403 Π
866 3368 893 3431 p.
905 3355 1014 3418 131,24.
1047 3348 1170 3402 Damaso

159 3421 377 3475 uindicauerunt
391 3421 564 3491 argumentis
582 3439 640 3476 non
658 3422 763 3476 adlatis
777 3422 915 3476 Baromus
934 3438 959 3474 a.
975 3426 1027 3474 384
1045 3423 1075 3475 et
1089 3420 1171 3474 Sara-

160 3492 257 3546 zanius
275 3511 302 3547 n.
318 3498 365 3562 19,
383 3493 503 3548 fortasse
522 3493 590 3561 quia
608 3493 639 3547 in
657 3493 753 3548 codice
771 3491 917 3563 praecedit
935 3508 1048 3547 carmen
1066 3493 1168 3546 Dama-

160 3563 271 3618 sianum
289 3569 336 3632 5⁷3
359 3568 508 3635 utrumque
532 3565 607 3620 enim
629 3564 778 3634 legebatur
796 3564 826 3619 in
845 3564 964 3619 eeclesia
983 3582 1003 3619 s.
1023 3560 1170 3619 Laurentii

159 3634 190 3688 in
208 3635 339 3691 Damaso.
376 3636 437 3692 iure
457 3636 605 3692 damnauit
623 3636 758 3690 Merenda
776 3637 825 3707 (ad
842 3655 869 3691 n.
885 3639 929 3708 14)
