2662 3922
160 170 277 224 XXXVI
559 168 785 224 TESTIMONIA

165 336 273 397 autern
306 333 445 416 populus
477 333 642 416 episcopos
675 333 844 396 conuenire
876 333 987 398 multis
1025 335 1174 418 precibus

163 421 331 506 exorabat,
361 424 399 484 ut
426 424 639 485 memoratum
666 425 758 485 tanta
784 421 949 505 impietate
979 424 1175 489 maculatum

162 510 321 575 sententia
344 510 430 574 iusta
451 511 671 595 procellerent,
695 531 789 594 quem
813 511 847 574 in
865 514 992 575 tantum
1010 516 1175 577 matronae

162 599 351 686 diligebant,
373 602 411 662 ut
433 603 653 663 matronarum
677 599 886 682 auriscalpius
896 596 923 686 1)
947 600 1113 665 diceretur.

228 706 287 772 IV
314 704 418 769 Voces
442 727 518 791 ergo
536 705 640 789 plebis
659 705 699 768 ad
708 705 971 770 Valentinianum
994 712 1070 771 sunt
1093 708 1175 771 dela-

163 798 215 858 tae
237 794 424 878 principem,
449 795 504 877 qui
525 795 645 878 pietate
664 799 843 859 commotus
861 795 1000 859 reditum
1019 798 1176 861 concessit

164 882 324 947 exulibus.
369 885 446 945 tuno
469 882 606 947 Vrsinus
629 905 702 947 cum
724 882 877 948 Amantio
902 888 934 948 et
956 884 1048 968 Lupo
1072 882 1175 949 diaco-

165 971 261 1035 nibus
284 969 379 1034 XVII
406 972 469 1035 kal.
499 969 628 1036 Octobr.
656 971 813 1055 Lupicino
841 977 874 1036 et
901 971 1015 1037 louino
1039 974 1175 1037 consuli·

163 1059 225 1123 bus
236 1058 263 1146 ²)
286 1060 326 1123 ad
348 1059 462 1123 urbem
484 1060 593 1145 rediit,
617 1061 669 1124 cui
691 1060 782 1145 plebs
805 1065 915 1125 sancta
937 1066 1175 1147 gratanteroc-

164 1149 273 1213 currit.
310 1149 366 1212 sed
387 1149 545 1213 Damasus
568 1153 733 1214 tantorum
756 1150 819 1214 sibi
842 1151 987 1214 conscius
1010 1151 1174 1235 scelerum,

163 1258 230 1301 non
261 1237 414 1302 mediocri
446 1239 562 1302 timore
594 1260 779 1324 concussus,
811 1239 947 1303 redemit
974 1261 1068 1304 omne
1090 1240 1176 1323 pala-

165 1326 261 1412 tium,
292 1348 333 1390 ne
365 1326 450 1390 facta
482 1349 540 1390 sua
565 1328 705 1411 principi
731 1327 956 1412 panderentur.
1001 1329 1176 1413 imperator

164 1416 309 1480 nesciens
333 1416 411 1498 quid
429 1415 588 1480 Damasus
609 1420 832 1500 perpetrasset,
855 1416 995 1481 edictum
1012 1422 1177 1504 prorogat,

159 1507 202 1567 ut
224 1504 342 1569 Vrsino
371 1504 467 1568 exilio
495 1506 637 1590 relegato
664 1505 754 1568 nulla
780 1505 915 1569 ulterius
941 1507 1079 1589 populos
1103 1528 1176 1571 con-

165 1593 267 1657 tentio
290 1592 428 1656 nefanda
451 1592 624 1657 collideret.
670 1596 746 1657 tunc
765 1593 902 1658 Vrsinus
925 1595 1102 1678 episcopus,
1123 1596 1176 1658 uir

166 1686 296 1746 sanctus
324 1684 356 1745 et
383 1682 451 1746 sine
479 1682 626 1765 crimine,
658 1682 826 1747 consulens
852 1683 955 1767 plebi,
987 1684 1120 1747 tradidit
1142 1705 1176 1747 se

166 1770 315 1834 manibus
343 1771 528 1854 iniquorum
556 1774 588 1835 et
616 1770 695 1836 XVI
724 1771 786 1835 kal.
814 1770 1006 1836 Decembres
1035 1773 1176 1836 iussione

168 1859 372 1943 imperatoris
400 1860 440 1922 ad
467 1860 600 1923 exilium
623 1863 737 1944 sponte
759 1862 954 1944 properauit.
999 1861 1055 1925 sed
1076 1883 1177 1945 popu-

166 1948 218 2012 lus
245 1948 362 2012 timens
390 1948 485 2011 deum
515 1949 677 2032 nullisque
706 1949 982 2033 persecutionibus
1013 1949 1177 2035 fatigatus,
1244 2004 1245 2008 ,
1323 1930 1324 2005 l

166 2057 233 2100 non
255 2036 495 2120 imperatorem,
523 2059 589 2101 non
612 2038 750 2101 iudicem
758 2036 784 2124 3)
807 2059 866 2102 nec
888 2039 994 2122 ipsum
1013 2041 1176 2102 auctorem

165 2123 322 2188 scelerum
345 2129 377 2189 et
399 2125 594 2190 homicidam
616 2126 791 2190 Damasum
814 2127 937 2212 timuit,
960 2127 1016 2191 sed
1033 2149 1090 2210 per
1108 2148 1177 2191 coe-

168 2213 302 2277 meteria
333 2217 513 2296 martyrum
544 2215 698 2279 stationes
731 2216 798 2279 sine
831 2216 954 2280 clericis
986 2215 1177 2280 celebrabat.

158 2302 252 2366 'unde
275 2323 348 2366 cum
372 2301 412 2364 ad
434 2306 577 2366 sanctam
594 2301 711 2389 Agnen
733 2304 828 2368 multi
851 2305 994 2368 fidelium
1013 2305 1176 2369 conuenis-

160 2394 253 2476 sent,
276 2394 418 2454 armatus
445 2412 519 2455 curn
541 2392 735 2456 satellitibus
758 2394 824 2457 suis
847 2392 1005 2457 Damasus
1028 2393 1122 2457 irruit
1145 2397 1178 2457 et

168 2480 326 2563 plurimos
348 2480 538 2543 uastationis
561 2502 636 2544 suae
659 2485 765 2568 strage
789 2482 911 2546 deiecit.
948 2483 1035 2565 quod
1056 2482 1177 2546 factum

166 2567 423 2632 crudelissimum
445 2568 542 2632 nimis
565 2569 722 2653 episcopis
739 2568 852 2634 Italiae
871 2570 1068 2655 displicebat.
1097 2592 1179 2654 quos

168 2655 266 2720 etiam
296 2678 369 2720 omn
400 2656 440 2720 ad
468 2657 575 2721 natale
604 2678 698 2722 suurn
726 2659 924 2723 sollemniter
950 2660 1120 2724 inuitasset
1146 2662 1179 2722 et

167 2746 317 2810 nonnulli
341 2746 565 2811 conuenissent
588 2769 627 2811 ex
650 2747 709 2832 eis,
732 2747 880 2832 precibus
903 2748 988 2831 apud
1011 2771 1064 2813 eos
1087 2748 1178 2812 moli-

170 2838 224 2898 tur
247 2838 280 2898 et
301 2835 416 2921 pretio,
438 2839 476 2899 ut
498 2836 690 2901 sententiam
712 2837 747 2899 in
769 2841 915 2901 sanctum
933 2836 1088 2901 Vrsinum
1105 2857 1178 2920 pro-

167 2923 282 2988 ferant.
324 2924 381 3008 qui
403 2923 649 3008 responderunt:
674 2925 748 2989 ‘nos
771 2925 811 2989 ad
832 2925 939 2989 natale
962 2926 1179 3009 conuenimus,

168 3033 234 3077 non
256 3016 294 3077 ut
316 3013 497 3078 inauditum
521 3013 732 3078 damnemus'.
759 3015 805 3078 ita
827 3036 928 3097 praua
950 3015 1018 3078 eius
1040 3015 1178 3079 intentio

167 3102 272 3165 caruit
295 3124 358 3185 quo
381 3102 546 3167 nitebatur
569 3103 691 3167 effectu.
738 3103 850 3167 exinde
872 3102 1053 3187 presbyteri
1076 3103 1178 3167 diuer-

241 3331 267 3397 1)
286 3344 343 3382 uox
360 3326 510 3384 inserenda
526 3328 634 3384 lexicis.

239 3401 267 3541 {l
284 3403 464 3541 biabidctura
473 3470 551 3525 urbis
561 3473 629 3525 tune
638 3472 836 3526 Praetextatus
845 3470 1024 3541 fungebatur.
1044 3439 1178 3527 cf.Amni

168 3540 293 3597 Marcell.
308 3542 414 3597 XXVII
432 3548 458 3613 9,
472 3547 497 3598 9.
526 3542 615 3597 Seeck
632 3542 738 3614 proleg.
757 3542 788 3595 in
806 3543 909 3611 Symm.
927 3561 954 3612 p.
969 3543 1110 3598 LXXXIII
1119 3561 1180 3612 sqq.
