2662 3922
538 233 763 289 TESTIMONIA
1028 233 1162 289 XXXVII

149 398 194 462 sis
211 396 320 462 modis
344 396 457 461 afflicti
484 418 542 481 per
565 397 662 461 exilia
684 401 717 461 et
738 397 908 483 peregrina
929 397 1000 462 loca
1023 397 1158 482 dispersi

149 491 238 572 sunt,
270 507 310 550 ex
337 486 454 571 quibus
481 485 686 550 Marcellinus
713 490 746 550 et
774 484 946 550 Faustinus
977 486 1159 570 presbyteri

152 577 190 640 de
214 575 412 640 confessione
434 596 530 639 uerae
552 574 641 660 fidei,
664 574 878 639 ostentatione
896 596 1003 639 sacrae
1022 596 1161 640 commu-

151 665 259 729 nionis
282 667 314 728 et
336 664 557 748 persecutione
576 663 814 728 aduersantium
832 664 963 728 ueritati
981 685 1090 748 preces
1099 664 1162 730 Va-

150 753 337 928 lentinianp)
360 752 539 818 Theodosio
572 757 604 817 et
634 750 772 816 Arcadio
805 752 1005 837 principibus
1038 751 1161 818 obtule-

151 845 228 906 runt
250 841 304 906 ita.

217 929 363 1012 Sequatur
385 930 505 995 libellus
527 951 656 1013 precam
679 951 716 995 ec
737 951 796 1013 quo
818 931 904 995 hosce
926 930 1004 995 locos
1020 951 1161 1013 propono

154 1018 228 1103 Cap.
238 1018 375 1084 XXIII
383 1019 510 1102 (Mc'pnc
517 1040 552 1102 p.
562 1020 620 1104 99)
641 1018 801 1084 Aduertat
814 1019 1033 1102 tranquillitas
1045 1023 1162 1105 uestra,

152 1109 180 1172 si
201 1107 264 1172 hoc
286 1108 356 1172 fieri
373 1108 474 1172 uultis
492 1108 527 1171 in
544 1106 691 1173 Romano
710 1108 845 1192 imperio
864 1108 1017 1172 aduersus
1035 1112 1163 1173 sanctos

152 1200 186 1261 et
202 1197 312 1261 fideles
330 1196 370 1260 ab
389 1196 440 1261 his
459 1197 515 1280 qui
533 1197 805 1280 praeuaricatores
823 1199 911 1281 sunt,
933 1217 1039 1261 nonne
1057 1200 1164 1261 metus

153 1290 202 1349 est
227 1307 267 1350 ne
295 1285 425 1371 sanguis
451 1285 595 1350 fidelium
622 1284 805 1350 Romanum
832 1287 946 1372 grauct
968 1285 1162 1368 imperium?

153 1397 228 1438 nam
241 1374 326 1438 idem
335 1373 494 1438 Damasus
507 1379 637 1459 accepta
650 1375 841 1455 auctoritate
855 1373 956 1459 regali
971 1374 1068 1437 etiam
1083 1374 1163 1438 alios

154 1462 328 1528 catholicos
357 1462 562 1547 presbyteros
572 1461 598 1551 ²)
628 1485 688 1528 nec
715 1485 782 1527 non
809 1466 842 1527 et
870 1462 968 1526 laicos
997 1463 1162 1533 insecutus

154 1551 244 1617 misit
266 1553 301 1616 in
319 1551 452 1616 exilium
469 1574 622 1636 perorans
639 1552 702 1617 hoc
719 1552 826 1636 ipsum
843 1573 901 1635 per
919 1550 1055 1637 gentiles
1073 1551 1163 1615 scho-

153 1640 283 1705 lasticos
309 1640 493 1704 fauentibus
520 1640 583 1704 sibi
605 1640 778 1725 iudicibus,
806 1662 878 1704 cum
900 1640 1013 1723 utique
1035 1642 1162 1703 uestrae

154 1730 399 1794 constitutiones
431 1729 583 1793 aduersus
610 1729 787 1792 haereticos
815 1729 959 1792 decretae
986 1728 1065 1813 sint,
1096 1750 1163 1792 non

155 1819 306 1882 aduersus
333 1816 508 1882 catholicos
536 1822 569 1882 et
594 1817 675 1882 tales
703 1814 890 1901 catholicos,
919 1816 975 1901 qui
997 1816 1093 1880 fidem
1116 1817 1163 1881 in·

154 1910 278 1993 tegram
308 1928 366 1971 nec
396 1906 456 1970 sub
485 1906 654 1970 haereticis
684 1905 932 1989 imperatoribus
963 1905 1164 1989 reliquerimt

156 2000 188 2060 et
216 1995 350 2079 quidem·
371 1995 485 2081 grauia
506 1995 610 2059 multa
631 1994 782 2079 perpessi.
827 1995 882 2058 sed
905 1998 938 2058 et
959 2016 1062 2078 nuper
1084 1998 1163 2059 tem-

153 2085 260 2169 ptauit
290 2085 433 2171 grauiter
462 2084 611 2169 persequi
642 2083 863 2148 beatissimum
890 2082 1068 2168 Ephesium
1100 2084 1164 2168 epi·

155 2195 295 2257 scopum,
314 2176 441 2237 sanctae
455 2172 530 2236 fidei
549 2173 762 2237 aemulatione
775 2172 962 2258 sementem,
981 2172 1163 2238 ordinatum

155 2263 363 2326 intaminatae
389 2261 477 2345 plebi
499 2261 663 2326 Romanae
690 2284 709 2325 a
732 2262 999 2326 constantissimo.
1013 2261 1162 2345 episcopo

156 2350 293 2437 Taorgio
322 2355 354 2415 et
381 2350 451 2434 ipso
479 2350 622 2415 illibatae
648 2350 724 2414 fidei
750 2350 836 2435 uiro,
863 2350 923 2414 sub
947 2349 1069 2414 inuidia
1090 2349 1164 2412 falsi

156 2439 299 2524 impositi
326 2439 531 2525 cognomenti
558 2461 616 2525 per
642 2461 717 2503 suos
745 2439 925 2503 defensores
956 2438 1165 2522 interpellans

155 2529 293 2593 iudicem
311 2528 446 2593 Bassum
470 2528 562 2612 quasi
585 2528 737 2592 aduersus
754 2526 982 2592 Luciferianos.
1016 2527 1071 2590 sed
1088 2526 1165 2591 Bas-

156 2639 210 2681 sus
225 2668 321 2682 .....
335 2639 394 2701 pro
418 2617 617 2682 constantiae
644 2637 720 2680 suae
742 2616 929 2702 integritate
951 2614 1093 2699 reppulit
1116 2636 1164 2679 ac-

156 2707 335 2771 cusationes
353 2705 484 2770 Damasi
505 2727 626 2792 negans
648 2727 682 2769 se
704 2705 865 2769 facturum
887 2709 925 2769 ut
946 2704 1094 2769 homines
1116 2725 1165 2768 ca-

155 2795 294 2860 tholicos
325 2799 359 2859 et
388 2796 532 2880 integrae
563 2793 639 2858 fidei
668 2793 757 2858 unos
785 2794 1020 2878 insequeretur,
1056 2793 1165 2857 dicens

156 2883 294 2947 maxime
318 2884 405 2967 quod
427 2884 514 2967 ipsae
533 2882 778 2947 constitutiones
801 2881 1031 2966 imperatorum
1054 2884 1167 2946 contra

156 2971 333 3035 haereticos
373 2971 573 3036 solummodo
614 2970 836 3056 promulgatae
877 2971 1059 3054 uideantur,
1099 2990 1166 3033 non

156 3062 268 3124 contra
294 3058 354 3123 hos
381 3060 437 3143 qui
459 3060 692 3124 sanctissimam
714 3058 810 3122 fidem
833 3059 902 3123 sine
924 3057 1042 3122 saeculi
1065 3055 1165 3121 ambi-

155 3148 244 3213 tione
267 3152 466 3213 conseruant.

226 3254 300 3337 Cap.
324 3254 452 3319 XXIV
481 3254 526 3318 nt
557 3259 635 3319 tunc
665 3255 807 3339 primum
839 3253 968 3317 erubuit
999 3251 1166 3340 Damasus,

229 3467 255 3534 1)
275 3483 299 3520 a.
319 3471 371 3520 383
390 3463 437 3519 uel
455 3469 515 3518 334.
536 3463 631 3545 ,Rode
650 3461 707 3518 lc.
726 3481 753 3545 p.
770 3468 785 3516 7
804 3462 908 3517 adnb.
1012 3533 1018 3544 ·
1065 3532 1071 3543 ι

229 3539 255 3604 2)
272 3535 419 3606 praecedit
436 3537 561 3589 narratrc
581 3533 616 3587 de
629 3534 756 3589 Macana
772 3533 938 3603 presbytera
950 3532 1129 3588 Lucrfenano
1148 3547 1166 3586 a

157 3605 280 3661 Damaso
299 3623 333 3661 ex
351 3607 420 3662 urba
438 3606 521 3676 pulsa
539 3609 610 3675 (cap.
626 3604 721 3675 XXII).
759 3605 793 3659 cf.
812 3604 892 3659 Rada
911 3603 929 3661 l.
944 3621 967 3660 c.
986 3622 1013 3674 p.
1028 3609 1074 3658 46.
