2662 3922
162 227 304 283 muni
553 226 782 297 TESTIMONIA

164 390 250 474 quod
277 390 428 454 inuentus
455 393 503 455 est
529 390 626 454 iudex
653 389 709 473 qui
736 388 826 454 solus
851 389 1029 473 imperialia
1051 390 1171 473 scripta

162 480 306 564 piissime
329 480 542 563 interpretans
565 476 750 564 tue1·etur.¹)
1000 563 1009 572 .

231 585 306 669 (Iup.
330 585 472 651 XXXV
489 584 616 669 (Mipnc
632 606 666 668 p.
684 586 762 669 106)
788 584 928 648 habeant
951 585 1000 648 illi
1022 583 1170 649 basilicas

164 697 242 739 auro
262 679 463 739 coruscantes
484 675 761 758 pretiosorumque
780 695 976 737 marmorum
995 673 1175 755 ambitione:

162 761 333 850 nestitas2)
362 763 415 827 uel
441 765 562 827 erectas
588 763 827 848 magnificentia
850 762 1085 848 columnarum3
1116 762 1170 826 ha-

163 852 261 916 beant
291 874 418 936 qnoque
448 855 610 936 porrectas
639 853 674 916 in
703 852 837 937 longum
867 851 1096 937 possessiones,
1128 851 1170 915 ob

163 963 244 1026 quas
271 944 303 1004 et
329 940 407 1004 fides
434 940 561 1027 integra
586 940 766 1025 periclitata
789 945 850 1004 est:
883 940 961 1024 quid
984 940 1081 1004 etiam
1104 940 1171 1004 suis

163 1029 385 1114 impietatibus
420 1029 586 1093 uindicant
622 1051 806 1094 communes
835 1028 991 1093 Romanis
1022 1027 1171 1093 omnibus

163 1119 320 1203 ciuitates,
341 1122 379 1182 ut
400 1119 562 1183 neminem
584 1118 618 1181 in
640 1117 692 1182 his
714 1118 766 1202 pie
789 1118 899 1182 uiuere
916 1117 1114 1202 permittant,
1137 1117 1171 1181 in

164 1206 282 1290 quibus
305 1229 324 1270 a
345 1207 493 1291 plurimis
517 1207 614 1271 etiam
636 1229 720 1270 uana
738 1207 923 1290 superst'tio
942 1206 1010 1270 sine
1029 1207 1170 1291 periculo

165 1296 284 1360 colitur
305 1299 338 1360 et
360 1296 428 1360 sine
451 1296 582 1361 illorum
605 1295 728 1360 inuidia
750 1295 954 1359 uindicatur?
994 1295 1089 1359 liceat
1111 1295 1171 1358 sal-

164 1388 231 1449 tem
260 1385 391 1449 ueritati
420 1385 474 1449 nel
503 1386 587 1449 inter
614 1385 684 1469 ipsa
705 1384 863 1449 uilissima
886 1388 918 1448 et
941 1384 1065 1449 abiecta
1082 1406 1171 1468 prae-

164 1474 253 1558 sepia
282 1473 445 1537 Christum
474 1474 568 1537 deum
594 1474 648 1558 pie
675 1473 779 1537 colere
807 1494 843 1536 ac
870 1473 1008 1537 fideliter
1031 1473 1171 1557 adorare,

163 1563 221 1627 nbi
248 1566 281 1627 et
308 1561 479 1646 aliquando
508 1565 603 1626 natus
625 1562 799 1626 secundum
822 1583 949 1625 carnem
972 1562 1057 1626 idem
1082 1560 1171 1626 chri-

163 1656 232 1716 stus
254 1651 360 1715 infans
382 1652 484 1715 iacere
508 1651 657 1738 dignatus
681 1654 737 1714 est.

230 1828 371 1894 Ambros.
395 1829 480 1910 epist.
504 1828 618 1894 XVII
634 1834 675 1893 10
697 1828 740 1912 (a.
764 1829 843 1913 384)
875 1850 950 1892 nam
973 1830 1005 1892 et
1028 1830 1101 1892 ante
1124 1827 1171 1891 bi-

163 1917 294 1982 ennium
321 1918 434 2000 ferme‚
466 1939 539 1982 cum
566 1917 627 1982 hoc
650 1921 758 2001 petere
781 1918 988 2001 temptarent,
1020 1917 1108 1985 misit
1131 1916 1172 1980 ad

162 2028 214 2070 me
241 2009 370 2069 sanetus
396 2005 554 2070 Damasus
581 2005 745 2071 Romanae
775 2006 924 2070 ecclesiae
952 2005 1097 2069 sacerdos
1124 2006 1171 2069 iu-

164 2093 247 2158 dicio
280 2094 331 2157 dei
363 2095 482 2159 electus
513 2094 660 2160 libellum
693 2117 796 2180 quem·
816 2095 981 2159 christiani
1009 2097 1172 2158 senatores

164 2183 319 2247 dederunt
342 2181 433 2270 eqs.³)

187 2445 190 2452 Ι
230 2359 409 2444 Symmachi
435 2360 520 2426 relat.
545 2360 640 2425 XXI
663 2360 707 2444 (a.
730 2361 810 2443 384)
836 2382 868 2442 p.
887 2362 952 2425 295
979 2360 1037 2443 (ed.
1067 2358 1172 2443 Seeck)

164 2449 354 2534 respondeat
381 2449 498 2514 litteris
522 2450 663 2533 episcopi
685 2450 830 2533 Damasi,
859 2449 976 2533 quibus
998 2449 1171 2514 adsectato-

164 2560 215 2602 res
238 2538 379 2602 eiusdem
402 2538 567 2624 religionis
590 2539 722 2625 negauit
739 2539 840 2602 ullam
858 2538 1084 2602 contumeliam
1102 2560 1172 2622 per-

165 2627 277 2690 tulisse
293 2677 410 2691 ......
425 2648 499 2691 sane
527 2626 680 2692 laudabili
713 2627 784 2691 uiro
813 2627 962 2711 episcopo
996 2627 1171 2713 denegante

164 2716 268 2779 ullum
296 2737 312 2779 e
340 2716 406 2780 suis
435 2720 490 2780 aut
518 2738 641 2780 earcere
669 2719 725 2780 aut
752 2715 890 2779 uinculis
917 2715 1048 2779 attineri
1071 2719 1103 2780 et
1126 2716 1171 2779 of-

164 2803 238 2868 ficio
262 2804 371 2868 eadem
394 2809 584 2891 suggerente
607 2806 731 2891 ignoro,
754 2826 835 2888 quos
858 2804 1061 2889 potissimum
1084 2826 1172 2889 prae-

164 2893 312 2977 ceperitis
336 2891 501 2980 absoluif)

231 3071 360 3136 Hieron.
384 3072 484 3136 ebron.
509 3073 553 3136 ud
572 3091 601 3134 a.
620 3069 696 3133 Abr.
715 3074 805 3135 2382
827 3070 869 3153 (p.
884 3074 949 3134 197
966 3071 1009 3135 ed.
1025 3069 1172 3153 Scboeae)

164 3158 328 3223 Romanae
351 3159 500 3223 ecclesiae
523 3157 647 3224 XXXV
674 3158 840 3222 ordinatur
868 3158 1035 3242 episcopus
1057 3159 1173 3222 Dama-

282 3457 316 3512 cf.
337 3428 520 3529 epidrsnsst
534 3430 719 3513 'marmoribus
735 3459 835 3513 uestita
850 3500 856 3511 .
873 3500 878 3510 .
896 3501 900 3511 .
917 3500 922 3511 .

169 3568 174 3577 ,
236 3534 253 3582 3
282 3529 373 3583 MIhm
392 3528 493 3583 Studia
511 3527 698 3583 Ambrosiana
715 3547 742 3598 p.
758 3534 800 3583 43.

236 3605 254 3653 4
284 3600 372 3655 Seeck
388 3599 494 3670 proleg.
513 3599 545 3652 in
563 3599 666 3669 Symm.
685 3619 711 3669 p.
727 3600 795 3654 LIV.
814 3599 883 3654 LVI.
