2662 3922
543 196 767 253 TESTIMONIA
1046 198 1165 253 XXXIII

153 365 182 430 I
199 361 411 448 Temporibus
436 360 616 426 Constantii
639 360 850 444 imperatoris,
872 360 933 425 filii
953 359 1166 447 Constantini,

153 454 266 519 durior
298 456 369 517 orta
401 454 449 516 est
480 449 659 535 persecutio
693 447 948 514 Christianorum
983 448 1023 515 ab
1055 451 1165 534 impiis

152 541 324 607 haereticis
346 539 493 604 Arrianis
516 542 676 604 annuente
700 536 902 623 Constantio,
930 540 986 623 qui
1009 543 1042 603 et
1064 537 1164 603 Atha-

153 631 281 695 nasium
304 631 489 714 episcopum
507 628 708 692 resistentem
725 627 894 691 haereticis
912 632 1097 711 persecutus
1116 631 1182 692 est·

152 723 186 784 et
217 722 256 783 ut
287 719 492 782 damnaretur
523 717 564 780 ab
602 716 751 780 omnibus
788 716 946 800 episcopis
983 717 1163 801 imperauit.

151 808 241 892 quod
263 808 361 872 etiam
383 810 472 871 metu
494 804 649 889 principis
672 805 776 869 facere
794 808 1034 889 temptauerunt
1053 827 1163 871 omnes

152 897 275 981 ubique
297 896 466 980 pontifices
485 894 665 958 inauditum
684 893 950 978 innocentemque
969 895 1166 959 damnantes.

152 986 211 1050 sed
232 985 380 1049 Liberius
408 983 572 1048 Romanus
600 982 768 1066 episcopus
796 987 828 1047 et
854 982 1015 1048 Eusebius
1037 983 1164 1049 Vercel-

153 1074 251 1138 lensis
284 1078 316 1138 et
342 1072 471 1137 Lucifer
500 1069 700 1136 Caralitanus
728 1074 760 1135 et
787 1070 932 1136 Hilarius
963 1072 1163 1137 Pictauensis

153 1163 230 1226 dare
258 1162 450 1227 sententiam
472 1161 653 1225 noluerunt.
698 1160 734 1224 hi
757 1181 834 1247 ergo
858 1162 1033 1225 mittuntur
1056 1162 1089 1225 in
1113 1183 1164 1225 ex-

154 1252 249 1316 ilium
275 1273 334 1335 pro
362 1251 424 1314 fide
453 1250 617 1314 seruanda.
663 1270 736 1313 cum
763 1248 893 1313 Liberio
917 1248 1075 1314 Damasus
1099 1250 1163 1313 dia-

153 1337 286 1427 conusl)
311 1340 379 1404 eius
401 1361 435 1404 se
458 1338 589 1402 simulat
611 1338 784 1423 proficisci,
807 1337 891 1401 unde
909 1338 1037 1424 fugiens
1056 1338 1094 1402 de
1113 1338 1164 1402 iti-

154 1450 230 1492 nere
257 1428 395 1493 Romam
422 1428 518 1492 rediit
546 1426 722 1491 ambitione
751 1430 928 1510 corruptus.
974 1427 1089 1491 sedeo
1114 1426 1164 1491 die

155 1539 219 1601 quo
238 1517 385 1581 Liberius
405 1517 445 1581 ad
463 1516 596 1580 exilium
614 1513 919 1601 proficiscebatur2),
938 1515 1040 1579 clerus
1060 1515 1164 1579 omnis

154 1606 188 1670 id
216 1610 264 1670 est
289 1605 470 1690 presbyteri
498 1608 531 1669 et
558 1603 799 1668 archidiaconus
826 1602 918 1667 Felix
946 1607 979 1668 et
1006 1604 1074 1687 ipse
1101 1602 1165 1667 Da-

155 1716 262 1758 masus
285 1694 437 1758 diaconus
464 1696 497 1757 et
520 1696 634 1757 cuncta
657 1692 806 1756 ecclesiae
830 1692 950 1777 officia,
974 1714 1084 1756 omnes
1110 1714 1164 1776 pa-

153 1784 233 1847 riter
254 1785 420 1867 praesente
443 1781 563 1865 populo
582 1780 729 1844 Romano
752 1780 812 1844 sub
831 1780 1035 1845 iureiurando
1059 1781 1164 1844 firma-

153 1875 271 1936 uerunt
300 1893 334 1935 se
363 1870 495 1934 uiuente
521 1869 651 1934 Liberio
681 1869 868 1953 pontificem
897 1870 1033 1933 alterum
1063 1870 1164 1934 nulla-

154 1965 248 2025 tenus
275 1960 453 2024 habituros.
498 1957 554 2021 sed
583 1957 686 2022 clerus
705 1961 817 2022 contra
838 1958 900 2043 fas,
924 1959 1010 2042 quod
1031 1959 1164 2023 minime

153 2049 300 2132 decebat,
327 2069 401 2112 cnm
428 2068 554 2111 summo
581 2046 716 2130 periurii
739 2047 869 2131 scelere,
895 2046 1034 2112 Felicem
1063 2047 1165 2112 archi-

85 2138 94 2155 '
154 2139 325 2202 diaconum
361 2135 545 2200 ordinatum
581 2136 615 2198 in
651 2135 758 2200 locum
789 2134 912 2200 Liberii
948 2141 1164 2221 susceperunt.
1212 2175 1214 2179 ν

155 2226 243 2311 quod
269 2226 390 2289 factum
417 2225 568 2289 uniuerso
591 2225 710 2308 populo
734 2224 898 2309 displicuit
920 2229 1009 2290 etse
1032 2226 1072 2289 ab
1096 2227 1164 2290 eius

154 2315 355 2399 processione
378 2313 551 2398 suspendit.
592 2317 667 2397 post
689 2335 789 2379 annos
812 2314 891 2378 duos
914 2315 1005 2379 uenit
1026 2313 1163 2398 Romam

112 2465 116 2472 .
156 2402 375 2488 Constantius,
404 2424 464 2487 pro
487 2402 618 2467 Liberio
646 2406 779 2488 rogatur
802 2425 821 2467 a
842 2402 976 2487 populo,
1009 2403 1164 2487 qui‘mox

155 2515 298 2557 annuens
330 2493 389 2556 ait:
422 2491 565 2556 ‘habetis
592 2490 770 2576 Liberium,
803 2492 858 2575 qui
888 2491 992 2575 qualis
1022 2513 1041 2555 a
1069 2490 1164 2555 uobis

154 2582 318 2666 profectus
341 2585 404 2665 est,
426 2580 542 2644 melior
564 2581 768 2644 reuertetur'.
813 2580 876 2644 hoc
899 2584 1005 2645 autem
1030 2579 1067 2643 de
1090 2599 1163 2644 con-

155 2692 251 2735 sensu
283 2671 365 2754 eius,
398 2691 462 2752 quo
494 2690 609 2732 manus
640 2668 792 2752 perfidiae
819 2668 961 2755 dederat,
993 2669 1162 2733 indicabat.

154 2760 251 2823 tertio
284 2780 367 2822 anno
400 2758 484 2822 redIt
515 2757 676 2842 Liberius,
708 2758 760 2821 cui
787 2758 922 2822 obuians
950 2779 1023 2822 cum
1045 2758 1162 2843 gaudio

154 2847 293 2931 populus
311 2846 475 2911 Romanus
499 2843 637 2932 exiuits)
668 2845 760 2910 Felix
781 2850 912 2912 notatus
935 2869 954 2910 a
976 2850 1088 2911 senatu
1110 2845 1164 2909 uel

153 2935 273 3019 populo
304 2935 342 2999 de
371 2935 451 2999 urbe
480 2934 674 3019 propellitur
704 2939 736 2999 et
764 2938 839 3020 post
864 2956 979 3019 parum
1009 2934 1163 3018 temporis

153 3126 257 3183 Cluati
282 3127 379 3194 fauore
405 3127 565 3197 aequabitis.
600 3127 802 3183 Marcelliaoas
825 3127 894 3196 prbr
920 3127 1013 3181 obtuli.
1046 3157 1079 3166 -
1107 3127 1162 3180 Res

151 3200 248 3270 gestas
267 3198 400 3251 enarrant
417 3199 533 3266 praeter
551 3197 623 3252 alios
641 3198 775 3268 Iosephus
793 3197 909 3266 Langen
928 3195 1094 3253 Geschichte
1113 3198 1163 3252 der

153 3286 238 3324 roem.
266 3266 369 3322 Kirche
396 3285 423 3337 p.
439 3273 490 3323 471
502 3285 563 3337 sqq.
592 3274 645 3323 495
656 3286 714 3337 sqq.
751 3268 891 3324 Martinus
918 3268 997 3324 Rade
1024 3268 1162 3324 Damasus

153 3359 180 3410 r·
201 3346 291 3408 Maa-

225 3432 251 3499 1)
270 3427 304 3482 cf.
325 3427 412 3499 epigr.
432 3447 459 3487 n.
475 3434 517 3483 57.

224 3502 251 3569 2)
270 3517 295 3553 a.
315 3505 375 3555 355.

224 3574 252 3640 3)
271 3587 296 3625 a.
316 3575 376 3625 358.

2 3650 12 3673 ¹*
71 3690 81 3711 .
206 3670 331 3722 Dauara,
345 3670 380 3712 ed.
389 3671 450 3712 Ihm
