2662 3922
482 722 834 870 PRAEFATIO

222 1030 270 1095 De
289 1030 419 1096 Damasi
442 1032 682 1117 epigrammatis
704 1031 904 1095 recensendis
922 1031 1163 1115 iudicandisque

155 1142 258 1204 nuper
278 1120 378 1184 uerba
400 1122 462 1184 feci
484 1120 588 1185 Musei
610 1119 757 1184 Rhenani
780 1121 844 1185 uol.
862 1119 889 1183 L
913 1118 1030 1208 (1895)
1052 1144 1083 1205 p.
1099 1122 1161 1186 191

156 1209 275 1293 -204,
299 1231 380 1292 quae
396 1210 449 1273 hic
468 1214 611 1293 repetere
628 1211 715 1293 nolo,
736 1209 925 1293 praesertim
944 1231 1017 1273 cum
1035 1210 1162 1293 plenius

155 1298 212 1362 illa
234 1298 445 1362 inlustrentur
467 1304 500 1363 et
518 1299 747 1363 confirmentur
765 1298 1027 1363 adnotationibus
1046 1299 1163 1382 quibus

155 1386 297 1450 carmina
320 1387 446 1473 singula
468 1388 615 1471 instruxi,
638 1387 858 1470 spectantibus
880 1387 946 1450 fere
966 1386 1074 1450 adres
1092 1386 1163 1471 phi-

154 1472 292 1563 lologasl,
314 1477 538 1561 grammaticas
560 1476 710 1540 metricas
732 1476 943 1559 prosodiacas.
971 1475 1162 1560 perfectiore

156 1567 264 1627 autern
301 1566 529 1629 commentario
567 1565 623 1628 alii
658 1568 812 1648 poterunt
844 1565 984 1628 carmina
1016 1581 1163 1628 enarrare

95 1680 98 1685 ·
156 1653 253 1738 digna
277 1675 358 1736 quae
382 1653 625 1739 diligentissime
648 1657 827 1717 tractentur
835 1651 870 1739 ¹),
893 1675 1000 1717 rerum
1019 1653 1164 1717 ecclesia-

154 1742 307 1806 sticarum
339 1741 459 1806 iudices
490 1742 671 1825 peritiores,
707 1741 876 1827 theologos
914 1742 984 1806 dico
1016 1741 1094 1806 boni
1126 1763 1163 1804 ac

155 1830 283 1894 fecundi
307 1831 438 1894 seminis
461 1831 664 1914 antiquitatis
687 1830 793 1894 studia
819 1833 852 1895 et
875 1831 1076 1914 disciplinam
1098 1852 1164 1895 non

156 1920 376 1983 detrectantes.

222 2007 410 2092 Composuit
429 2008 539 2093 igitur,
556 2007 826 2093 utperstringam
843 2008 979 2093 potiora,
997 2007 1164 2091 Damasus,

155 2097 211 2179 qui
242 2097 443 2180 pontificiam
476 2096 665 2181 dignitatem
697 2097 801 2161 tenuit
833 2097 874 2160 ab
906 2120 989 2162 anno
1027 2099 1091 2163 366
1124 2097 1163 2160 ad

154 2183 272 2272 3842),
295 2187 419 2269 primus
441 2189 479 2249 ut
500 2184 630 2248 uidetur
652 2208 691 2249 ex
716 2184 907 2250 Christianis
932 2187 1163 2272 epigrammata

36 2346 39 2352 Δ
154 2274 294 2357 plurima
317 2275 352 2338 in
373 2274 483 2338 laudes
501 2273 669 2338 hominum
687 2279 879 2359 sanctorum,
902 2279 1081 2358 martyrum
1099 2296 1164 2337 ma-

153 2363 239 2426 xime
263 2364 463 2446 aliorumque
474 2361 514 2449 ³),
542 2385 622 2446 quae
645 2368 770 2446 partem
793 2364 967 2428 maximam
975 2361 1004 2450 4)
1027 2384 1163 2427 marmo-

153 2451 244 2515 ribus
266 2452 433 2516 incidenda
461 2453 587 2515 curauit
612 2475 690 2515 usus
713 2456 780 2516 arte
803 2451 894 2516 Furii
917 2452 1066 2534 Dionysii
1087 2450 1163 2515 Phi-

152 2540 249 2604 locali
272 2537 437 2627 egregiff)
464 2540 580 2603 habuit
602 2544 710 2604 autem
732 2541 853 2624 1119111
875 2540 1067 2607 1111131111
1085 2561 1164 2605 corre

228 2717 252 2781 1)
270 2713 354 2768 Rossi
372 2714 445 2769 Bull.
464 2713 540 2768 crist.
562 2719 736 2768 1884-1885
754 2732 782 2784 p.
798 2719 833 2767 24
842 2731 902 2782 sqq.

226 2788 253 2853 2)
272 2786 307 2839 de
325 2784 387 2839 uita
405 2784 549 2855 gestisque
567 2785 613 2839 hic
631 2802 689 2838 non
707 2803 777 2854 opus
792 2788 836 2840 est
850 2785 957 2841 disseri.
990 2785 1163 2840 notabiliora

155 2855 399 2910 adumbrabantur
420 2855 591 2911 testimoniis
613 2855 688 2909 infra
710 2855 824 2926 positis,
851 2859 964 2926 praeter
982 2872 1055 2924 quae
1074 2855 1162 2918 adisis

153 2929 281 2981 auctores
300 2926 331 2979 in
349 2927 426 2982 calce
444 2926 628 2997 praefationis
647 2926 758 2985 citatos.

224 3001 251 3066 3)
270 2996 394 3066 elogium
411 2999 505 3052 Irenes
524 2997 626 3052 sororis
644 3016 671 3052 n.
688 3004 734 3066 10,
753 2997 900 3051 Proiectae
918 2996 1040 3051 feminae
1057 2995 1162 3051 nobilis

152 3086 179 3122 n.
194 3073 243 3136 53,
261 3068 378 3122 Damasi
395 3068 484 3138 ipsius
502 3087 529 3123 1.
546 3075 575 3137 9;
594 3085 707 3123 carmen
726 3069 761 3122 de
778 3067 905 3123 fontibus
923 3066 1070 3121 Vaticanis
1088 3084 1115 3121 n.
1130 3072 1161 3136 43

152 3138 360 3263 inpcrjpptiopepi
376 3139 490 3263 111111ιί11
514 3157 657 3266 sacrppum
679 3159 706 3194 1.
722 3145 764 3194 55.
780 3144 827 3208 573
855 3153 967 3193 carmen
989 3155 1045 3205 quo
1064 3141 1161 3193 uotum

152 3226 280 3264 souis.
322 3225 387 3263 eor
433 3227 517 3265 oano
535 3229 562 3266 1.
614 3255 619 3265 .

223 3284 251 3351 4)
271 3280 476 3350 epigrammata
493 3297 551 3335 non
569 3280 712 3352 lapidibus
732 3280 876 3335 destinata
893 3298 920 3335 1.
938 3287 951 3334 1
972 3283 1040 3349 111,
1059 3280 1162 3349 quibus

151 3351 268 3406 tertium
287 3350 398 3407 accedit
417 3352 521 3407 dubiae
540 3352 658 3422 originis
676 3352 749 3408 13*
768 3355 804 3422 (u.
823 3351 917 3421 infra).

225 3426 251 3492 ὅ)
270 3422 425 3492 scripturae
444 3422 527 3476 huius
546 3423 759 3478 Philocalianae
781 3422 841 3490 uel,
865 3425 898 3477 ut
920 3421 972 3476 alii
989 3425 1161 3493 nuncupant,

151 3492 341 3548 Damasianae
365 3494 518 3564 specimina
541 3494 632 3548 multa
655 3495 753 3549 insunt
770 3493 801 3547 in
818 3493 899 3547 libris
917 3493 1011 3547 Rossii
1030 3493 1161 3548 aliorum-

151 3580 207 3632 que
225 3564 300 3618 infra
318 3564 422 3619 adlatis
442 3567 478 3634 (u.
494 3566 558 3620 adn.
574 3564 748 3635 singulorum
762 3564 937 3635 carminum),
955 3564 1016 3633 ipse
1034 3563 1162 3633 lapidum
