2678 3920
444 203 583 257 DAMASI
600 202 869 257 EPIGRAMMATA
1120 205 1162 269 17

151 367 286 421 mundum
304 382 330 418 u.
347 366 390 433 10)
412 362 511 417 Irenen
531 362 620 417 filiam
639 364 691 417 deo
715 364 848 418 deuotam
871 364 929 418 filio
953 364 1163 420 commendauit

151 439 274 507 (dederat
295 436 417 488 Damaso
437 436 540 504 piperis
562 436 718 504 1011001001).
755 435 830 503 qnod
854 434 877 488 si
900 451 998 489 nerum
1021 438 1076 505 est,
1099 453 1162 506 per-

152 507 262 578 plexius
289 508 403 576 poetam
429 504 507 573 loqui
529 504 726 560 iudicabimus.
763 505 894 574 equidem
915 506 1085 561 Buechelero
1112 508 1163 561 ad-

153 578 260 633 sentior
279 578 453 646 ‘germanam
476 579 529 645 (an
548 575 773 643 ‘Germanum'?)
796 578 930 631 sororem’
954 577 972 631 i.
995 594 1018 632 0.
1043 578 1163 632 alteram

153 648 269 704 Damasi
293 664 414 702 sororem
435 647 513 701 haud
535 647 655 702 multum
677 651 743 702 ante
766 648 865 702 Irenen
889 648 1050 703 defunctam
1072 656 1164 705 testem

153 723 255 776 amoris
277 718 497 788 intellegendam
521 735 581 773 esse
672 725 705 773 10
725 719 809 789 Verg.
828 720 896 774 Aen.
916 719 942 773 V
960 725 1011 774 538
1035 720 1080 790 (cf.
1100 724 1164 790 672)

152 795 223 860 ferre
245 794 290 846 sui
312 792 423 846 dederat
444 798 645 845 rememoratum
668 798 693 845 ct
710 793 815 862 piparas
837 793 938 845 amoris
1028 798 1059 845 11
1082 810 1164 862 qoam

153 866 201 932 (sc.
217 863 309 917 henes
329 864 461 929 sororem)
475 861 642 915 Sarazanius
660 879 710 931 pro
725 880 802 931 quem
816 861 936 931 scripsit.
969 863 1003 916 cf.
1020 868 1052 916 12
1068 864 1164 917 0121*

153 936 249 1004 rapuit
271 935 324 989 sibi
345 933 421 1003 repta
443 934 524 999 coeli,
550 937 583 985 23
609 935 705 1002 rapuit
731 950 797 1003 quos
823 935 900 1003 repta
922 935 999 988 caeli.
1036 933 1164 988 clausula

153 1009 229 1076 repta
247 1005 317 1059 caeli
329 1004 411 1072 Verg.
426 1004 495 1057 Aen.
504 1003 558 1057 VII
575 1009 628 1057 210
646 1007 752 1074 (saep),
777 1003 858 1058 Ouid.
874 1004 940 1059 Met.
955 1006 969 1057 Ι
987 1010 1038 1058 257
1057 1005 1084 1059 ΙΙ
1104 1012 1163 1074 198,

154 1077 264 1131 Petron.
276 1078 328 1129 sat.
345 1080 474 1143 124137,
490 1074 538 1128 Sil.
549 1075 581 1129 11.
596 1076 609 1128 I
625 1081 675 1129 136
685 1078 747 1143 cet,
762 1075 796 1129 cf.
807 1081 850 1129 49.
861 1081 894 1129 91
965 1081 998 1128 12
1016 1083 1056 1130 set
1073 1079 1166 1132 timuit

153 1155 264 1202 mortem
281 1145 312 1199 in
330 1145 475 1215 epitaphio
494 1144 618 1200 Ostiensi
636 1145 692 1201 CIL
708 1146 833 1200 xlvoaa
848 1149 893 1215 (=
906 1146 1061 1201 Buecheler
1078 1148 1164 1202 Anth.

155 1218 243 1288 epigr.
263 1236 289 1271 n.
309 1221 371 1287 487)
445 1222 478 1270 13
496 1234 523 1271 u.
538 1217 602 1271 adn.
619 1223 718 1285 12,Ῑο
750 1215 832 1271 Ouid.
847 1217 892 1271 Tr.
906 1217 932 1271 V
948 1223 989 1285 10,
1004 1223 1036 1270 51
1053 1221 1166 1287 perdere

153 1292 255 1356 uitam,
275 1288 632 1358 cf.Verg.Aen.V11304‚
651 1289 783 1343 Dracont.
804 1288 839 1341 (10
858 1288 910 1342 (100
929 1288 969 1340 III
982 1294 1016 1341 45
1088 1294 1120 1343 15
1140 1298 1166 1345 et

154 1378 205 1430 pro
229 1367 260 1415 ((1
283 1359 367 1414 Perea
391 1376 426 1413 ex
444 1358 523 1413 Actis
543 1359 588 1414 SS.
610 1359 649 1412 ΠΙ
667 1360 747 1414 Febr.
767 1377 793 1428 p.
815 1363 874 1412 245.
906 1360 1004 1426 focula
1026 1360 1165 1428 producta

155 1431 254 1501 prima,
270 1430 411 1484 contraria
425 1429 541 1484 licentia
557 1426 668 1498 fribulae
682 1431 725 1498 3*,
745 1428 927 1502 zepperem.
960 1430 1055 1499 tangit
1069 1433 1166 1485 autem

154 1502 309 1572 parabolen
337 1502 371 1556 de
395 1500 553 1570 uirginibus
580 1501 767 1571 prudentibus
792 1499 935 1567 fatuisque
963 1501 1039 1570 apud
1063 1518 1164 1571 euang.

154 1573 255 1627 Matth.
275 1572 352 1625 XXV
368 1579 381 1625 1
394 1590 452 1641 sqq.

639 1717 678 1779 11

222 1859 349 1943 Insons]
378 1859 447 1921 uita
469 1858 532 1920 fuit
555 1857 668 1941 Marci,
693 1879 789 1939 quam
811 1858 961 1921 nouimus
985 1878 1103 1921 omnes.

224 2018 230 2029 .
255 2018 261 2028 .
286 2018 292 2029 .
316 1965 438 2049 am]ore
462 1965 512 2028 dei
535 1968 643 2048 posset
667 1964 722 2047 qui
746 1969 886 2027 temnere
910 1965 1078 2047 mundum,

225 2123 355 2135 .....
383 2072 484 2134 srauit
506 2071 644 2154 populus
668 2070 753 2153 quod
777 2070 911 2134 disceret
934 2072 1046 2135 omnis.

223 2178 355 2262 paruus]
384 2177 487 2241 honor
514 2178 614 2261 uitae,
641 2177 771 2263 granffls
799 2181 1000 2261 contemptus
1027 2177 1167 2241 habendi

175 2302 191 2349 5
225 2336 355 2348 .....
383 2284 488 2347 uirtus
510 2283 615 2347 tenuit
637 2284 813 2367 penetralia
836 2284 940 2347 cordis

225 2443 355 2456 .....
383 2394 415 2454 te
438 2395 559 2475 custos,
583 2390 703 2454 Christi
726 2390 886 2474 perfectus
910 2390 1039 2453 amicus.

225 2549 355 2562 .....
384 2502 416 2561 et
433 2497 589 2561 Damasus
608 2497 770 2560 tumulum
789 2518 862 2560 cum
880 2496 985 2560 reddit
1002 2496 1170 2560 honorem.

224 2605 298 2687 <hic
321 2604 448 2668 Marcus
471 2604 571 2668 Marci
595 2605 663 2668 uita
685 2604 748 2667 fide
770 2604 899 2667 nomine
923 2623 1052 2666 consors

224 2716 256 2775 et
278 2711 402 2774 meritis
426 2760 960 2774 ..................
962 2711 983 2791 >

228 2868 316 2921 Marci
335 2866 476 2935 pontificis
494 2883 583 2935 paene
600 2865 700 2935 ignoti,
719 2865 768 2933 qui
783 2865 857 2919 sedit
870 2881 895 2919 a.
911 2870 971 2934 336,
991 2864 1169 2934 epitaphium

157 2938 502 3063 essetplelriqugoputant,
526 2936 556 2990 in
579 2937 623 3060 his
646 2936 775 3017 hicesius,
777 2935 913 3060 Adgbitat
935 2935 1166 3061 Iluchesnessib.

253 3052 258 3063 .
330 3053 334 3062 .
405 3051 410 3062 .
730 3025 741 3059 1
854 3024 871 3059 a
885 3024 915 3059 1n
951 3025 982 3059 m

157 3022 1168 3148 100111(111110110οἓ1.1111101101.

157 3152 198 3206 HI
212 3150 272 3205 001.
291 3168 318 3219 p.
335 3154 385 3202 886
397 3152 475 3216 sqq.).
509 3165 542 3203 ex
556 3149 585 3217 L,
605 3150 654 3217 qui
672 3149 748 3202 solus
767 3148 900 3217 seruauit,
920 3148 1069 3202 ediderunt
1088 3148 1167 3205 Grut.

159 3229 240 3291 1173,
262 3227 294 3275 12
314 3220 391 3290 (inde
408 3219 546 3273 Batonius
565 3236 590 3273 a.
605 3226 665 3288 336,
686 3218 819 3274 Saraceni
837 3237 863 3273 n.
879 3225 921 3287 34,
940 3218 1059 3273 Riuinus
1078 3239 1104 3275 n.
1125 3228 1167 3290 44,

157 3294 293 3349 Merenda
316 3311 342 3346 n.
364 3293 407 3359 13)
433 3293 462 3344 et
484 3291 566 3344 Rossi
589 3290 664 3345 IChr.
685 3291 711 3343 Π
733 3309 760 3360 p.
782 3294 832 3344 108
855 3308 881 3344 n.
902 3296 943 3344 59.
980 3308 1051 3343 unus
1070 3308 1168 3346 uersus

159 3369 276 3420 octauns
294 3363 404 3432 integer
420 3361 551 3430 truditur,
570 3361 656 3415 ceteri
670 3361 795 3415 mutilati
810 3363 875 3414 sunt
889 3364 988 3429 (neque
1004 3361 1078 3415 enim
1092 3367 1168 3418 10010

157 3437 211 3491 hoo
230 3438 264 3490 de
283 3433 406 3489 carmine
423 3432 532 3487 iudicat
550 3432 685 3486 Manitius
703 3433 774 3487 Mus.
794 3431 882 3486 Rhen.
897 3432 971 3485 XLV
983 3449 1010 3501 p.
1024 3436 1094 3502 316).
1133 3435 1168 3489 (10

159 3505 360 3577 supplementis
375 3522 431 3559 non
445 3507 565 3574 constat,
582 3503 712 3558 adscribo
728 3520 801 3573 quae
815 3505 1026 3571 temptauerunt
1039 3503 1172 3576 Riuinus,

158 3577 353 3632 Terribilinius
371 3595 398 3647 p.
415 3584 438 3644 7,
457 3576 573 3630 Rossius

210 3678 338 3729 11111110,
352 3677 455 3718 ed.1hm
994 3669 1010 3717 2
