2678 3920
427 236 567 290 DAMASI
585 234 855 290 EPIGRAMMATA
1102 235 1146 300 49

135 393 338 447 Damasianum
355 411 412 448 non
427 397 471 449 est
489 395 566 464 (uide
585 394 659 448 infra
678 395 707 448 in
726 394 881 464 appendice
899 412 925 448 n.
941 399 975 446 87
991 409 1013 447 c.
1029 395 1145 464 adnot).
1176 418 1177 422 ¹

134 464 300 590 &Cgsrrgpgiam
315 465 400 534 elogii
420 466 454 520 de
470 484 505 520 ss.
521 466 697 535 chrysantho
712 468 741 520 ct
754 465 842 520 Daria
855 464 979 534 uestigia
993 468 1070 519 certa
1089 483 1147 520 non

618 682 661 746 46

202 820 314 886 incola
336 846 421 887 nunc
446 822 579 908 Christi,
602 824 707 887 fuerat
731 822 935 909 Carthaginis
958 825 1044 907 ante,

202 933 346 1013 tempore
370 953 433 1014 quo
457 930 583 1015 gladius
606 930 708 994 secuit
729 931 784 1013 pia
806 930 929 993 uiscera
952 930 1077 1014 matris,

203 1038 357 1121 sanguine
379 1037 519 1100 mutauit
541 1038 680 1120 patriam
702 1058 882 1119 nomenque
905 1058 1081 1121 genusque,

202 1141 384 1207 Romanum
408 1143 511 1207 ciuem
535 1147 718 1207 sanctorum
741 1144 818 1207 fecit
841 1143 942 1228 origo.
980 1231 982 1234 γ

153 1266 169 1312 5
201 1249 283 1312 mira
305 1249 384 1312 fides
407 1272 527 1313 rcrum:
552 1250 660 1313 docuit
681 1253 756 1333 post
779 1250 884 1313 exitus
907 1248 1027 1334 ingens.

203 1377 275 1419 oum
294 1356 412 1420 lacerat
427 1356 481 1439 pia
495 1356 647 1441 membra,
666 1356 775 1420 fremit
790 1354 962 1420 Gratianus
980 1359 1017 1418 ut
1035 1355 1146 1439 hostis,

201 1465 410 1546 posteaquam
433 1463 519 1526 fellis
541 1463 669 1526 uomuit
692 1465 1004 1546 concepta'uenena,

203 1590 315 1655 cogere
338 1592 405 1633 non
427 1570 535 1653 potuit
560 1569 723 1634 Christum
746 1572 793 1655 te,
817 1572 937 1652 sancte,
960 1589 1090 1653 negare,

203 1676 270 1758 ipse
294 1676 358 1739 tuis
381 1676 530 1760 precibus
553 1678 671 1740 meruit
694 1677 856 1740 confessus
880 1675 976 1738 abire.

138 1793 174 1845 10'
203 1781 356 1865 supplicis
370 1780 448 1843 haec
462 1779 593 1845 Damasi
610 1803 673 1845 uox
688 1785 750 1845 est:
767 1802 919 1844 uenerare
933 1779 1146 1862 sepulchrum.

204 1888 349 1968 <soluere
372 1891 449 1951 uota
471 1888 547 1951 licet
570 1892 735 1970 castasque
758 1887 919 1950 effundere
940 1908 1062 1970 preces,

203 1995 305 2057 sancti
329 1993 494 2058 Saturnini
517 1995 661 2057 tumulus
684 1993 759 2077 quia
781 1992 932 2075 martyris
955 1992 1009 2056 hic
1032 1994 1110 2071 est>

204 2100 391 2184 [Saturnine
414 2100 475 2163 tibi
497 2104 621 2184 martyr
643 2121 713 2164 mca
736 2103 812 2162 uota
836 2099 997 2183 rependo]

208 2256 234 2310 S.
250 2256 432 2310 Saturninum
445 2257 494 2310 uia
509 2257 618 2311 Salaria
632 2273 706 2310 noua
721 2255 862 2325 sepultum
875 2254 961 2309 fuisse
975 2255 1146 2324 topographi

135 2326 223 2381 medii
242 2327 306 2380 aeui
324 2330 466 2382 testantur
483 2327 576 2397 (Rosci
595 2329 685 2381 Roma
705 2329 769 2381 sott.
789 2327 802 2379 Ι
820 2345 846 2395 p.
864 2331 998 2394 170177,
1018 2326 1051 2380 cf.
1071 2326 1144 2379 Bull.

133 2398 211 2452 crist.
232 2404 300 2453 1873
324 2418 350 2468 p.
371 2405 456 2468 tsqq.
476 2403 505 2454 et
524 2400 607 2453 Mart.
626 2398 739 2452 Hieron.
759 2398 797 2450 ΠΙ
815 2396 878 2451 Kal.
898 2397 983 2465 Dec).
1021 2396 1145 2465 elogium

135 2472 319 2523 seruauerunt
337 2472 359 2524 P
379 2474 407 2524 et
425 2471 459 2539 L,
478 2470 524 2524 hic
543 2470 652 2538 melius,
671 2469 747 2524 IChr.
762 2469 788 2522 II
806 2487 832 2537 p.
848 2474 891 2535 87,
911 2475 944 2521 32
963 2485 990 2536 p.
1007 2472 1066 2534 103,
1087 2473 1145 2520 340

133 2544 172 2611 (u.
189 2548 202 2594 1
223 2541 310 2595 etiam
328 2541 358 2594 in
374 2542 395 2594 L
414 2560 441 2611 p.
457 2549 507 2596 116
527 2560 553 2595 n.
571 2545 646 2611 91a).
683 2557 718 2595 ex
735 2541 757 2594 L
777 2539 855 2593 Crut.
872 2543 949 2607 1172,
964 2544 988 2607 2,
1007 2537 1144 2591 Beronius

135 2629 161 2665 a.
177 2618 237 2681 384,
257 2612 391 2667 Sarazani
409 2632 436 2668 n.
451 2619 494 2682 25,
512 2612 631 2666 Riuinus
649 2631 676 2666 n.
692 2618 735 2680 41,
753 2609 888 2664 Merenda
905 2616 990 2678 010,
1009 2608 1069 2662 Mai
1088 2609 1143 2662 Sor.

135 2685 191 2737 uet.
205 2683 231 2736 V
244 2702 271 2751 p.
285 2690 372 2752 403,8
388 2684 433 2753 (of.
447 2702 474 2739 n.
490 2687 543 2754 45).
578 2684 612 2738 cf.
628 2681 767 2738 Germano
783 2682 812 2734 di
826 2680 852 2734 S.
869 2679 1010 2734 Stanislao
1024 2680 1065 2733 La
1080 2697 1145 2733 casa

135 2752 325 2808 celimontana
344 2755 390 2809 dei
410 2773 445 2809 ss.
461 2755 601 2810 Giovanni
620 2772 635 2808 e
653 2754 741 2807 Paolo
760 2754 875 2823 (Romae
896 2754 974 2820 1894)
992 2769 1019 2820 p.
1034 2756 1086 2804 475

208 2831 221 2877 1
242 2840 294 2879 om.
314 2825 451 2879 Baronius
472 2825 606 2880 Sarazani
624 2825 765 2879 Merenda.
802 2823 833 2876 in
850 2822 873 2874 P
891 2821 1014 2875 traditur
1037 2823 1144 2888 famula

133 2912 209 2948 0000
234 2895 338 2949 Christi
359 2897 453 2964 fuerat
475 2897 634 2967 Cartcpiais
657 2913 760 2961 00000,
783 2894 813 2946 in
831 2893 852 2944 L
875 2909 902 2960 p.
924 2898 974 2945 103
996 2893 1048 2946 ou
1069 2909 1145 2945 0000

119 2965 242 3019 Christi
258 2967 350 3031 fuerat
365 2967 540 3022 Chortcciais
558 2986 604 3034 00,
622 2985 648 3036 p.
665 2972 715 3019 116
735 2966 819 3019 Nunc
834 2962 940 3017 Christi
953 2963 1049 3029 ’100001
1067 2964 1143 3016 char-

135 3037 237 3105 tapiais
251 3053 329 3089 0000.
363 3038 525 3091 emendauit
539 3038 596 3091 fere
609 3035 804 3091 Terribilinius
819 3034 849 3087 in
863 3033 927 3087 add.
943 3033 980 3086 ad
994 3033 1144 3086 Merendae

135 3106 202 3160 edit.
222 3124 248 3174 p.
264 3112 280 3159 8
304 3106 416 3161 conlato
442 3114 502 3176 52,4
521 3111 530 3178 11
551 3111 680 3177 300000
697 3109 719 3161 Ρ
740 3108 744 3180 1
765 3121 911 3172 corneaque
929 3105 959 3172 P,
980 3121 1096 3173 namque
1114 3103 1144 3171 L,

133 3180 273 3247 uitamque
287 3177 424 3231 Baronius
441 3178 445 3248 1
460 3197 583 3250 penuque
596 3180 618 3232 P
632 3182 641 3248 11
655 3185 671 3232 4
689 3181 825 3247 ciuemque
838 3179 882 3232 800
895 3181 948 3230 aad
962 3176 984 3228 P
998 3177 1007 3243 11
1022 3183 1037 3229 5
1056 3192 1146 3230 remon

133 3266 188 3304 om.
203 3249 234 3317 P,
253 3265 349 3304 00000
363 3247 481 3302 Riuinus
496 3252 504 3319 11
519 3257 534 3303 6
553 3252 648 3316 fremet
663 3252 756 3320 pratia
773 3256 805 3304 ut
818 3250 905 3303 hostes
917 3247 939 3299 P
953 3248 962 3314 11
978 3251 992 3298 7
1011 3263 1145 3300 cernuam

134 3322 156 3374 P
170 3324 179 3390 11
194 3327 209 3374 8
224 3328 287 3391 xpm
301 3328 449 3390 01000000
463 3328 573 3390 000000
587 3322 609 3374 Ρ
623 3323 632 3390 11
647 3327 679 3375 10
693 3338 750 3375 000
763 3321 785 3373 Ρ
801 3322 805 3389 1
821 3318 971 3390 0000110οΡ
985 3320 994 3387 11
1009 3323 1040 3370 11
1057 3320 1145 3372 oluere

132 3392 391 3462 11100000οΡ112
411 3393 500 3445 om.P

204 3464 250 3517 Ad
264 3482 290 3517 u.
307 3470 320 3516 1
336 3465 427 3518 iaccic
439 3481 515 3518 0000
529 3464 634 3518 domiai
647 3467 715 3531 524.
748 3461 858 3516 Paulin.
873 3460 936 3515 Nol.
956 3459 986 3513 in
1005 3459 1144 3529 epigram-

135 3536 210 3587 mate
229 3535 305 3603 quod
324 3534 404 3604 epist.
419 3534 523 3588 XXXII
542 3540 557 3588 ὁ
577 3533 713 3589 insertum
731 3532 836 3603 legitur
854 3535 890 3602 (p.
907 3538 957 3586 279
977 3531 1019 3585 cd.
1034 3530 1144 3598 Hartel)

131 3620 244 3673 corpore
266 3614 351 3661 00010
373 3608 426 3674 fide
449 3608 616 3664 castissimus
639 3606 729 3660 incola
752 3605 869 3672 Chricti;
894 3604 993 3658 eadem
1017 3601 1145 3656 clausula

187 3704 315 3758 Damasus,
330 3705 363 3746 cd.
374 3707 433 3745 Ihm
967 3698 985 3744 4
