2662 3922
505 187 712 245 PRAEFATIO
1077 189 1117 243 IX

112 354 185 419 tatis
202 353 395 437 pietatisque
417 373 475 416 nec
495 352 634 435 speciem
652 352 812 436 quandam
831 352 909 417 artis
932 353 972 416 ad
990 351 1116 440 Vergili

113 442 290 526 exemplum
312 441 469 505 formatae
479 438 520 527 ¹),
547 440 603 505 sed
626 440 791 526 ingenium
814 442 1053 527 sollertiamque
1076 444 1116 506 ad

112 531 336 597 inueniendum
350 532 476 595 acutam
489 529 742 613 uarietatemque
756 530 900 594 colorum
914 534 1010 615 atque
1024 532 1116 615 spiri-

112 623 179 685 tum
196 641 271 684 uere
291 619 448 683 diuinum:
467 617 622 682 formulas
640 617 726 682 enim
741 618 982 703 locutionesque
1001 620 1116 685 iterare

111 709 198 791 solet,
221 712 258 772 ut
280 708 422 772 taedium
444 728 543 791 paene
568 706 692 771 adferat
713 706 932 795 legentibus.²)

176 796 326 880 Plerique
358 818 376 860 0
407 795 512 860 titulis
539 794 741 860 Damasianis
773 796 837 861 iam
869 797 995 863 sacculo
1025 802 1115 862 sexto

113 886 261 951 uidentur
296 885 428 969 periisse
464 884 575 949 fractis
606 883 692 949 bello
723 883 861 950 Gothico
893 886 1116 971 marmoribus,

112 975 200 1039 cuius
229 974 276 1039 rei
298 974 497 1038 luculentum
521 977 609 1037 extat
631 973 852 1039 testimonium
874 973 990 1061 Vigilii
1011 976 1117 1060 ponti-

112 1063 192 1148 ficis,
230 1063 285 1147 qui
320 1062 513 1126 renouandis
549 1064 728 1145 martyrum
763 1063 917 1146 sepulcris
950 1064 1116 1149 titulisque

113 1174 241 1236 opernm
272 1151 359 1216 dedit
391 1148 539 1238 (append.
570 1173 602 1215 n
626 1152 668 1216 89
701 1172 726 1215 c.
754 1149 840 1238 adn.)
851 1150 886 1238 ³).
932 1152 972 1216 ab
1005 1153 1116 1218 eodem

110 1240 242 1306 Eusebii
269 1244 512 1304 monumentum
535 1236 580 1326 (n.
602 1226 657 1325 18)
685 1240 871 1304 restitutum
893 1263 960 1305 0000
983 1240 1117 1307 Rossius

110 1328 320 1414 probabiliter
337 1329 451 1393 statuit
470 1326 601 1416 (01118
616 1332 649 1392 et
665 1326 730 1414 17).
767 1329 853 1412 quod
871 1334 979 1394 autem
1001 1353 1117 1416 magna

110 1418 287 1483 carminum
299 1439 374 1501 pars
392 1418 433 1481 ad
445 1422 589 1482 nostram
603 1420 740 1481 aetatem
753 1419 909 1502 peruenit,
932 1417 966 1481 id
984 1418 1118 1483 debetur

110 1507 246 1571 maxime
274 1506 415 1590 antiquis
442 1506 688 1590 inscriptionum
715 1505 960 1571 christianarum
983 1508 1117 1594 syllogis

112 1595 298 1679 compositis
320 1595 387 1659 fere
410 1595 546 1680 septimo
570 1595 705 1678 saeculo,
729 1617 808 1678 quas
831 1595 915 1659 infra
937 1596 1117 1660 recensebo.

110 1707 173 1768 quo
197 1684 318 1748 factum
341 1687 389 1748 est
416 1687 453 1747 ut
476 1687 581 1747 essent
603 1684 681 1747 satis
703 1687 781 1747 nota
804 1683 1031 1769 diuulgataqne
1053 1684 1117 1748 Da-

110 1773 190 1837 masi
213 1773 354 1837 carmina
375 1794 476 1855 usque
500 1771 534 1835 in
557 1772 719 1836 saeculum
736 1793 866 1835 nonum.
895 1776 969 1855 post
987 1773 1021 1837 id
1039 1794 1116 1838 uero

109 1862 271 1927 saeculum
293 1862 363 1945 ipsa
386 1861 563 1924 carminum
586 1861 740 1924 memoria
763 1860 902 1945 euanuit,
926 1861 954 1925 si
977 1863 1117 1946 excipias

111 1951 308 2036 epigramma
332 1950 369 2014 de
393 1948 581 2033 corporibus
602 1948 691 2013 Petri
709 1947 865 2033 Paulique
889 1951 1117 2034 apostolorum,

110 2040 196 2124 quod
222 2040 348 2103 saeculo
375 2036 438 2102 XII
465 2038 519 2101 uel
545 2034 624 2101 XIII
651 2038 769 2101 iterum
798 2037 896 2103 incidi
923 2040 1046 2124 placuit
1077 2041 1118 2103 ad

109 2128 238 2213 malum,
261 2132 298 2191 ut
321 2126 401 2191 mihi
424 2127 561 2209 uidetur,
584 2126 814 2212 apographum,
836 2149 902 2191 non
920 2128 961 2191 ad
978 2129 1117 2213 lapidem

109 2216 320 2301 archetypum
342 2219 419 2280 tunc
442 2215 596 2300 temporis
618 2216 676 2279 uix
698 2214 939 2303 superstitem.⁴)
983 2219 1117 2282 saeculis

110 2304 191 2369 XIII
218 2309 250 2370 et
277 2303 354 2369 XIV
381 2305 471 2369 nulla
498 2307 653 2389 apparent
679 2304 823 2388 lapidum
850 2303 1117 2370 Damasianorum

107 2390 287 2480 uestigia.⁵)
334 2393 447 2477 quinto
472 2394 594 2458 decimo
618 2393 746 2457 demum
769 2394 966 2479 epigramma
989 2394 1026 2458 de
1049 2394 1117 2459 fon-

108 2482 197 2547 tibus
220 2481 384 2547 Vaticanis
412 2480 513 2634 (nii
541 2483 703 2567 inegram
729 2482 849 2565 prodiit
876 2484 1118 2567 transcriptum-

108 2593 172 2656 que
195 2576 243 2637 est
266 2593 285 2634 a
306 2570 463 2655 Maphaeo
514 2571 586 2656 egio
596 2567 632 2656 6).
676 2574 750 2653 post
773 2591 868 2654 quem
890 2570 1005 2636 Petrus
1028 2570 1118 2636 Sabi-

183 2783 208 2850 1)
227 2780 262 2835 dc
280 2780 341 2835 arte
361 2780 420 2835 eius
438 2779 556 2835 metrica
574 2779 680 2849 priores
699 2796 756 2834 non
773 2783 850 2836 recte
868 2780 1008 2837 iudicasse
1022 2782 1119 2836 monui

107 2852 182 2906 Mus.
201 2851 289 2907 Rhea.
309 2851 327 2906 l.
342 2868 365 2907 c.
384 2869 411 2920 p.
426 2856 479 2905 200
491 2867 551 2919 sqq.

182 2926 208 2992 2)
228 2923 262 2976 de
281 2922 347 2977 stilo
366 2921 494 2990 Damasi,
517 2920 567 2990 qui
585 2921 623 2975 ad
640 2921 826 2976 euineendam
844 2923 1044 2978 auctoritatem
1057 2939 1119 2976 car-

107 2993 219 3047 minum
249 2992 400 3062 plurimum
431 2992 521 3062 ualet,
554 3010 581 3046 u.
608 2992 647 3047 Le
675 2992 762 3046 Blant
792 2993 877 3047 lnscr.
910 2994 996 3047 chret.
1028 2993 1117 3062 praef.

106 3083 135 3135 p.
151 3063 290 3118 CXXXIII
300 3080 349 3131 sq„
368 3064 451 3117 Rossi
468 3065 558 3118 Roma
576 3065 641 3118 sctt.
660 3063 687 3117 H
704 3081 732 3132 p.
748 3069 779 3118 11
791 3081 841 3132 sq,
860 3063 933 3118 Bull.
952 3063 1027 3119 crist.
1049 3070 1118 3119 1884

105 3139 215 3189 -1885
234 3152 261 3203 p.
273 3139 319 3203 18,
339 3133 496 3189 Stornaiolo
515 3153 541 3204 p.
553 3140 664 3203 27sqq.‚
683 3134 793 3189 Arnend
813 3140 845 3188 15
855 3152 924 3203 000,
943 3134 1014 3189 Mus.
1028 3135 1117 3190 Rhen.

106 3207 173 3276 Lp.
186 3211 237 3260 194
246 3221 305 3273 sqq.
324 3203 480 3273 pleniorem
497 3209 678 3275 conspectum
696 3222 730 3263 ex
748 3204 801 3261 hac
820 3204 944 3261 editione
963 3205 1087 3277 colliges.

181 3282 209 3339 3)
228 3274 370 3331 cf.·etiam
388 3281 430 3330 88.
450 3281 492 3330 87.
512 3281 554 3330 99.

181 3350 209 3416 4)
227 3365 277 3402 cur
294 3349 361 3402 ante
379 3346 464 3401 finem
485 3346 565 3401 tertii
582 3363 679 3401 uersus
698 3347 858 3402 snbstIterit
875 3347 1001 3417 lapicida
1019 3365 1119 3418 parum

108 3417 211 3487 liquat.
248 3418 283 3474 cf.
302 3418 367 3473 adn.
386 3423 471 3483 1126,
489 3417 572 3471 Rossi
590 3418 674 3474 Inscr.
694 3418 790 3474 christ.
808 3418 835 3472 Π
852 3436 879 3487 p.
895 3424 955 3474 300.

182 3493 208 3558 5)
226 3489 309 3544 110001
327 3489 345 3544 l.
361 3506 384 3544 c.
402 3508 429 3559 p.
446 3494 496 3543 315
507 3504 547 3556 q.

183 3564 209 3629 6)
228 3578 254 3615 u.
275 3559 349 3614 infra
367 3558 594 3634 indtestimoniis.
632 3559 715 3613 Rossi
732 3564 834 3629 p.·344.
854 3565 914 3615 349.
