2678 3920
444 203 583 257 DAMASI
601 203 871 258 EPIGRAMMATA
1028 169 1032 175 ·
1120 205 1162 270 29

154 364 226 418 111116
246 380 312 417 sanc
332 363 508 431 quadratarii
527 381 627 432 errore,
646 364 696 433 qui
713 367 810 418 tamen
826 363 918 419 iudice
933 364 1032 418 1666616
1047 364 1163 419 inducto

153 435 273 491 tectorio
301 437 330 489 66
357 434 460 488 litteris
487 435 599 489 rubrica
628 434 713 505 pictis
742 435 917 504 aliquamdiu
948 435 1038 490 latere
1068 436 1164 505 potuit

227 513 243 560 4
266 523 342 560 sacro
364 522 415 575 pro
435 507 547 575 placido
569 506 704 560 Merenda
727 505 825 560 edidit.
863 507 893 559 in
914 508 1075 577 prophetam
1099 524 1163 577 pro-

155 578 241 631 ducta
254 576 345 646 prima
358 593 415 630 non
429 578 473 630 est
486 593 535 630 cur
549 576 723 631 offendamus
741 577 786 647 (cf.
806 585 829 645 1,
845 580 879 647 6),
899 580 930 631 at
943 595 1028 646 quam
1042 578 1163 632 maxime

154 650 185 701 in
197 656 287 703 scacos
301 647 345 718 (cf.
362 654 394 701 19
408 644 492 716 scaea,
508 653 541 702 13
555 646 655 716 staca,
674 649 727 701 34*
740 646 823 717 6661),
843 666 906 702 611111
919 665 954 702 116
969 651 1035 718 apte
1049 649 1164 717 quidem

153 719 292 789 propheta
315 718 426 772 dicatur
447 736 540 785 scaea,
563 719 632 787 quin
655 720 861 774 emendandum
884 719 922 773 sit
941 728 1065 786 sanctona
1086 720 1163 789 equi-

154 792 219 845 dem
236 789 330 843 nullus
350 790 457 844 dubito.
491 790 532 843 sic
544 798 651 846 sanctos
663 791 802 845 Damasus
818 791 970 860 prophetas
989 791 1116 861 appellat
1133 791 1164 845 in

153 861 277 916 carmine
301 861 518 928 (16Ρ611169,3,
541 861 610 915 item
630 861 769 915 Dauidem
788 864 948 931 prophetam
969 870 1093 917 66666661
1113 869 1162 931 1,6,

156 932 258 1001 quibus
274 932 347 985 adde
360 948 473 986 uersum
486 931 651 1001 Hieronymi
669 932 718 1001 qui
732 932 821 986 fertur
835 939 868 986 69
880 935 996 1002 psallere
1010 936 1058 1003 qai
1072 936 1165 989 docuit

153 1006 229 1058 116161
241 1005 425 1058 modulamine
438 1010 545 1058 sanctos
614 1009 630 1057 6
650 1005 744 1058 rasores
762 1020 817 1057 uox
830 1004 1003 1058 Damasiana
1019 1011 1059 1060 11.
1069 1011 1110 1059 27.
1120 1010 1162 1059 44.

154 1077 216 1130 aito
233 1075 372 1144 producta
391 1073 492 1127 ultima
511 1073 688 1143 1666661116,
712 1092 779 1129 nam
796 1074 988 1129 nominatiuus
1006 1076 1101 1145 potius
1121 1078 1164 1130 est

154 1163 239 1214 quam
258 1144 401 1199 ablatiuus
474 1151 490 1199 6
508 1145 583 1199 16616
601 1145 631 1199 in
648 1145 793 1215 epitaphio
807 1145 908 1199 Leonis
923 1147 984 1214 33*,
1003 1146 1116 1200 initium
1135 1149 1164 1201 et

154 1216 282 1270 clausula
305 1232 320 1269 e
338 1215 465 1285 Vergilio
491 1219 604 1286 sumpta
627 1215 838 1286 Θ6613.ΙΠ97
861 1218 973 1271 inuidia
996 1217 1162 1286 1116616661.

154 1287 225 1345 Stat.
242 1286 309 1340 Silu.
324 1287 351 1339 H
364 1294 389 1354 6,
404 1289 457 1356 69),
476 1287 515 1340 IV
529 1294 562 1341 87
577 1305 728 1357 compressu
744 1289 885 1357 quiescunt
957 1293 971 1340 7
992 1287 1031 1341 616
1045 1287 1164 1342 Paulum

153 1360 242 1413 6611616
261 1359 411 1426 paradisus
434 1365 539 1413 66616666
562 1365 631 1428 614,
655 1359 689 1413 cf.
710 1364 742 1412 96
767 1365 791 1413 66
809 1360 1068 1428 pseudoecclesiae,
1092 1358 1164 1412 talia

63 1469 71 1481 ,
154 1428 231 1497 apud
259 1427 427 1482 christianos
456 1429 567 1498 saepius
595 1433 628 1499 (e.
653 1448 693 1499 gr.
717 1430 786 1484 Ven.
811 1430 885 1483 Fort.
910 1429 949 1482 IV
973 1434 1014 1497 17,
1039 1432 1091 1498 19).
1129 1430 1163 1483 116

154 1499 282 1552 clausula
300 1517 326 1552 u.
346 1499 410 1553 adn.
432 1505 491 1568 12‚4

637 1647 678 1708 22

393 1777 682 1857 6111166166
706 1793 911 1858 Mnasias

543 1900 772 1982 1111111116

422 2038 629 2105 Damasus
652 2040 894 2127 11166616

480 2159 482 2163 ’
553 2147 556 2153 ’
589 2163 729 2229 asom

226 2303 336 2357 Titulus
351 2303 421 2357 artis
430 2303 641 2358 Philocalianae
656 2321 671 2358 e
685 2305 850 2375 fragmentis
864 2306 894 2358 in
904 2306 1070 2361 coemeterio
1080 2306 1164 2360 Prae-

154 2375 258 2429 textati
272 2375 321 2427 uia
335 2374 427 2445 Appia
442 2374 529 2429 6111616
543 2379 673 2430 accurate
687 2376 834 2431 restitutus
854 2394 871 2430 a
885 2377 984 2432 Rossio
999 2376 1071 2431 Bull.
1087 2376 1162 2431 61166.

156 2452 224 2500 1863
239 2464 265 2515 p.
281 2453 360 2514 1766.
376 2452 444 2500 1866
461 2465 488 2514 p.
505 2453 545 2501 16.
566 2453 633 2500 1872
653 2465 679 2515 p.
697 2452 728 2501 72
740 2465 780 2515 sq.
795 2449 853 2502 tab.
868 2448 906 2514 V;
925 2448 959 2502 cf.
978 2447 1069 2501 Xraus
1082 2448 1162 2500 Rom.

155 2519 221 2572 sott.
244 2536 270 2586 p.
291 2523 337 2585 92,
356 2516 453 2571 Roller
470 2517 522 2571 Les
542 2518 719 2572 catacombes
739 2520 774 2573 de
792 2520 880 2573 Rome
897 2520 911 2570 I
928 2520 987 2574 tab.
1007 2518 1097 2571 XXXI
1115 2519 1163 2587 (ad

154 2587 297 2658 lapidem),
315 2588 452 2642 IFuehrer
469 2588 525 2641 Ein
542 2588 658 2658 Beitrag
676 2607 724 2642 zur
738 2590 867 2659 Loesung
886 2590 935 2644 der
949 2588 1162 2658 Felicitasfrage

146 2659 293 2728 .(Freising
312 2663 391 2729 1890)
409 2678 436 2728 p.
456 2666 541 2727 lsqq.
562 2665 612 2713 113
623 2678 682 2728 sqq.

225 2729 372 2784 Ianuarius
386 2748 457 2783 unus
473 2730 507 2784 de
522 2733 629 2800 septem
642 2731 800 2785 Felicitatis
821 2732 866 2800 (cf.
880 2750 906 2786 n.
923 2733 972 2786 41*
986 2736 1015 2786 66
1029 2735 1073 2801 86)
1087 2731 1162 2799 filiis,

154 2800 270 2869 Martyr.
290 2800 402 2854 Hieron.
421 2801 460 2854 Vl
479 2801 516 2855 id.
531 2801 591 2870 Iul,
611 2802 693 2855 Rossi
711 2803 802 2855 Roma
820 2805 885 2857 sott.
905 2805 917 2857 l
935 2823 962 2873 p.
979 2808 1037 2856 180.
1054 2809 1103 2856 181

638 3001 679 3062 23

199 3135 329 3221 Aspice:
353 3140 385 3200 et
407 3137 461 3202 hio
483 3140 626 3204 tumulus
648 3122 936 3206 retinet'caelestia
958 3141 1101 3204 membra

200 3248 395 3328 sanctorum,
420 3245 527 3310 subito
551 3248 658 3330 rapuit
681 3271 761 3333 quos
785 3248 873 3333 regia
896 3247 983 3311 caeli.

199 3351 235 3414 hi
258 3350 361 3414 crucis
384 3351 523 3416 inuictae
547 3354 679 3417 comites
701 3356 885 3438 pariterque
908 3356 1049 3419 ministri

200 3458 334 3522 rectoris
357 3459 458 3522 sancti
482 3460 695 3544 meritumque
717 3461 876 3546 fidemque
899 3463 999 3527 secuti

156 3580 171 3626 6
201 3566 358 3630 aetherias
380 3568 501 3649 petiere
526 3568 636 3632 domos
659 3591 820 3654 regnaque
843 3571 978 3653 piorum.
