2662 3922
524 193 731 248 PRAEFATIO
1076 193 1128 247 XV

164 355 278 444 cum1)
324 356 520 421 carminibus
549 378 614 420 uno
644 360 754 422 tenore
784 357 922 421 exaratis
952 354 1045 421 f.11'
1081 356 1127 419 in-

166 447 322 530 scriptum
344 449 393 510 est
414 446 560 512 ossiculi
576 445 758 511 Hierootmc'
773 447 945 528 presbiteri,
969 444 1127 527 subscrip-

164 539 234 599 tum
257 534 425 617 eepltctuot
444 555 552 600 uersus
565 535 703 600 Damasi
720 556 811 617 pope.
848 537 999 599 secuntur
1015 555 1126 597 uersus

209 641 338 706 Aeterni
353 643 459 723 potres
475 642 654 723 pariterque
675 643 712 705 to
733 642 857 705 nemim
878 642 947 705 uoti

208 732 338 811 spiritu
360 736 389 795 et
409 731 522 808 sonat,
545 751 675 812 quorum
697 735 742 795 est
762 731 936 795 substantio
958 750 1083 810 comper

208 824 237 884 et
258 820 360 883 uirtus
381 819 496 883 similis
512 818 688 901 parilisque
709 821 745 883 to
767 819 869 884 saeclo
884 823 1034 901 potestus,

203 907 398 989 psalmorum
421 907 498 972 liber
519 909 639 972 orditur
660 928 798 973 sermone
819 913 946 972 uocatus

211 995 331 1061 chreo
353 998 465 1077 septo
486 996 589 1074 tolim,
611 998 693 1078 qood
713 1017 784 1061 uoce
806 996 926 1061 Luttoo

210 1090 255 1148 est
276 1084 352 1149 leber
372 1106 548 1167 ymnorum,
571 1084 684 1150 Dauid
704 1107 794 1167 quem
814 1107 870 1150 rex
892 1086 1062 1150 benedictus

211 1174 309 1237 edidit
329 1175 484 1238 adiunctis
505 1175 608 1252 sociis,
631 1173 843 1257 Hieronymus
865 1179 967 1238 cutem

204 1262 356 1342 presbiter
378 1263 516 1327 orobiots
538 1262 654 1327 Hetrct
673 1263 771 1345 foratis
793 1262 832 1326 ob
854 1263 933 1344 ipsis

213 1348 438 1433 Greoorumque
460 1350 533 1415 tebet
555 1353 592 1416 de
611 1350 705 1433 falsis
727 1372 804 1416 uero
825 1356 1017 1432 smuestroos

209 1441 363 1504 tractitia
386 1440 538 1522 eloquium
558 1440 637 1522 felte
659 1441 821 1505 ottborc'sto
842 1440 1002 1503 Latiarem.

164 1566 181 1608 e
203 1546 355 1629 psalterio
378 1546 607 1632 Bambergensi
630 1547 725 1611 fluxit

207 1632 243 1718 72
266 1636 334 1700 cod
350 1633 548 1700 Coloniensis
568 1637 587 1700 8
611 1633 720 1721 (antea
742 1633 881 1698 Darmst.
897 1631 998 1720 2009)
1022 1633 1129 1696 minus
1147 1631 1181 1712 yl

164 1727 309 1787 accurate
340 1724 479 1807 scriptus
510 1745 589 1787 saec.
616 1722 663 1787 xl
689 1724 743 1787 uel
769 1721 872 1810 xm)
919 1744 958 1785 ex
988 1725 1127 1805 utroque

165 1812 305 1875 carmina
335 1812 391 1875 illa
421 1812 520 1875 edidit
549 1811 669 1876 Paulus
699 1811 737 1876 de
767 1809 952 1898 Lagarde.³)
1006 1810 1127 1874 accedit

165 1900 246 1965 alter
268 1901 410 1965 eiusdem
432 1900 647 1965 bibliothecae
669 1899 752 1963 liber

95 1992 98 1997 “
209 1994 233 2053 d
269 1990 337 2054 cod.
362 1989 471 2054 (tolon.
495 1990 537 2054 45
568 1987 676 2076 (antea
697 1989 837 2053 Darmst.
862 1987 964 2077 2040)
987 2010 1067 2052 saec.
1090 1988 1171 2071 X,e

163 2078 247 2141 unde
270 2078 348 2142 haec
371 2082 403 2143 et
426 2079 489 2142 alia
513 2078 550 2142 de
573 2078 705 2162 psalmis
723 2078 888 2142 Dauidicis
911 2079 1052 2142 carmina
1075 2100 1126 2141 ex-

95 2166 98 2171 ’
164 2167 359 2249 scripserimt
382 2171 527 2232 auctores
550 2168 688 2254 catalogi
710 2190 741 2251 p.
761 2168 823 2232 107
839 2190 885 2251 sq.

143 2318 145 2321 .
209 2252 239 2319 al
262 2256 330 2320 cod.
354 2255 535 2321 Oasinensis
559 2257 601 2322 30
624 2279 703 2321 saec.
727 2254 773 2320 XI
797 2253 851 2341 (cf.
875 2255 958 2321 Bibl.
984 2254 1087 2319 Oasin.
1111 2254 1126 2319 I
1145 2251 1176 2317 el

54 2318 56 2407 ἷ
164 2342 298 2430 florileg.
321 2368 351 2429 p.
371 2347 444 2410 213.
469 2345 562 2433 214),
589 2345 646 2410 ubi
674 2347 784 2410 extat
806 2345 944 2410 uomet
966 2350 995 2409 et
1014 2343 1126 2409 Hora

162 2433 244 2496 nimi
275 2454 383 2499 ausos
415 2432 568 2521 (Damasi
599 2433 684 2522 aab)
717 2457 748 2518 p.
769 2432 841 2498 195.
886 2434 1018 2498 alterius
1050 2433 1126 2497 libri

54 2574 56 2601 ,
165 2519 344 2586 casinensis
368 2523 534 2587 deterioris

127 2632 131 2639 ⁴
169 2634 172 2639 ⁴
208 2608 238 2674 ε2
260 2610 328 2674 cod.
348 2610 451 2675 Oasin.
469 2612 534 2676 467
559 2633 638 2675 saec.
659 2609 722 2675 ΧΠ
746 2608 782 2697 (f.
802 2607 851 2697 θ’)
874 2610 1026 2675 lectiones
1048 2633 1126 2674 non·
1145 2606 1175 2672 ε2

53 2714 55 2723 ’
162 2699 267 2763 nullas
289 2698 423 2764 Roscius
447 2699 550 2764 adfert
572 2698 664 2764 Ichr.
686 2697 720 2764 H
742 2723 772 2784 p.
791 2700 856 2764 449
871 2722 917 2784 sq.

53 2782 55 2793 '
207 2810 230 2870 η
253 2788 321 2852 cod.
334 2787 439 2853 Vatic.
462 2789 517 2854 lat.
535 2790 623 2854 4226
646 2810 725 2853 saec.
745 2787 804 2874 XI3
830 2788 967 2852 contulit
985 2788 1165 2870 Rossius,o

164 2876 338 2960 recognoui
365 2899 424 2964 ego
451 2897 559 2942 ausus
582 2876 720 2942 Damasi
742 2879 786 2942 od
805 2877 1037 2956 Hierootmum,
1070 2877 1125 2959 qui

52 3024 54 3037 ,
163 2962 315 3047 legrmtur
337 2966 358 3028 f.
378 2963 412 3031 θ’
437 2970 510 3030 ante
532 2966 728 3050 psalterium.
774 2966 808 3029 in

191 3140 217 3205 1)
235 3116 359 3192 HlIaeck
377 3137 588 3210 Bcschreibung
611 3141 660 3194 der
677 3140 740 3194 Hes.
764 3139 794 3192 in
813 3140 863 3194 der
881 3138 1061 3194 dffentlichen
1079 3138 1126 3193 Bi-

118 3208 249 3264 bliotbek
267 3225 301 3262 zu
315 3208 456 3278 Bamberg
473 3210 486 3262 I
503 3227 531 3278 p.
542 3216 575 3264 35
590 3217 685 3266 n.230.
722 3210 793 3265 mihi
812 3208 996 3265 describenda
1015 3211 1126 3265 curauit

118 3277 277 3335 Fridericus
295 3279 448 3336 Leitschuh
466 3278 657 3336 bibliothecae
676 3284 778 3337 custos.

125 3415 141 3438 ·.
190 3354 217 3422 2)
234 3350 307 3406 Jeffe
335 3353 364 3408 et
388 3351 580 3406 Wattenbach
606 3352 750 3407 Ecclesiae
777 3353 923 3422 metropol.
952 3352 1125 3408 Coloniensis

49 3482 52 3557 f
119 3423 405 3618 eOdldglgniddalibridm
431 3494 511 3549 iuxta
538 3493 681 3548 Hebraeos
708 3493 873 3564 Hieronymi
900 3495 1022 3566 (Lipsiae
1047 3499 1126 3566 1874)

48 3584 50 3613 l
119 3582 146 3634 p.
232 3582 271 3634 sq.
