2678 3920
473 195 834 251 PSEVDODAMASIANA

636 466 677 530 73

243 623 321 690 Istic
343 625 486 689 insontes
509 625 638 689 caelesti
660 624 792 688 flumine
814 624 898 689 lotas

285 732 424 816 pastoris
447 732 565 796 summi
588 731 719 796 dextera
741 732 849 817 signat
871 753 956 796 oues.

243 838 306 903 huc
329 838 423 902 undis
446 842 596 925 generate
619 839 707 923 ueni,
731 860 794 922 quo
818 842 947 902 sanctus
970 838 1010 902 ad
1032 859 1133 902 unum

286 945 420 1030 spiritus
443 949 480 1010 ut
503 945 609 1030 capias
632 949 664 1009 te
687 967 744 1010 sua
767 945 850 1009 dona
872 948 976 1010 uocat.

195 1069 211 1116 5
243 1057 281 1117 tu
303 1052 566 1136 cruce'suscepta
588 1052 699 1116 mundi
721 1052 825 1116 uitare
850 1051 1006 1136 procellas

288 1158 373 1222 disce
396 1158 500 1244 magis
522 1159 664 1222 monitus
686 1158 746 1222 hac
769 1158 893 1222 ratione
916 1158 987 1222 loci.

221 1350 403 1420 Epigramma
420 1350 526 1404 Romae
543 1349 711 1419 inscriptum
728 1349 790 1404 loco
808 1351 858 1405 ubi
872 1351 1000 1419 pontisas
1017 1351 1162 1422 ccuaipuut

150 1422 271 1490 insontes
285 1421 328 1475 Th
345 1420 413 1475 etV
430 1421 555 1491 tradunt,
574 1421 624 1476 ille
642 1420 774 1475 mutilum
793 1437 827 1475 ac
846 1437 927 1475 cerm
946 1423 1008 1475 tum
1025 1421 1087 1475 loco
1106 1437 1164 1475 non

152 1491 293 1561 indicato,
311 1492 359 1546 hic
377 1492 526 1562 integrum.
564 1493 602 1547 ad
619 1491 769 1547 basilicam
787 1509 808 1548 s.
828 1492 906 1546 Petri
950 1491 1094 1546 aticanam
1110 1491 1165 1546 hoc

154 1565 184 1618 et
201 1564 278 1631 quod
295 1562 442 1632 praecedit
460 1579 573 1618 carmen
591 1566 647 1634 (72)
685 1562 806 1618 ertinere
819 1562 936 1617 Rossius
953 1564 1044 1632 putat,
1062 1561 1113 1631 qui
1132 1579 1166 1617 ex

153 1634 179 1688 V
198 1634 289 1688 edidit
307 1634 337 1687 in
351 1633 485 1688 IBPitrae
499 1633 652 1716 spicilegio
664 1582 781 1689 doleam.
796 1634 836 1689 IV
851 1639 920 1688 1858
936 1652 964 1703 p.
979 1639 1031 1688 520
1046 1636 1075 1688 et
1088 1632 1166 1688 IOhr.

152 1705 181 1759 Π
193 1724 220 1774 p.
232 1710 293 1772 139,
304 1712 337 1760 26
352 1704 568 1774 (cf.Bull.cr1st.
585 1711 653 1759 1867
667 1724 694 1774 p.
705 1709 758 1775 34),
774 1722 808 1760 ex
817 1705 861 1759 Th
891 1704 968 1760 lchr.
982 1705 1011 1759 Π
1022 1722 1050 1773 p.
1061 1708 1122 1772 247,
1134 1710 1166 1758 11

154 1777 192 1831 ad
211 1776 406 1846 apographum
418 1775 555 1845 Leopoldi
569 1775 684 1831 Delisle.
720 1775 752 1829 in
765 1776 791 1830 V
804 1776 978 1845 praecedunt
994 1774 1168 1830 Damasiana

155 1848 190 1901 de
213 1846 348 1902 Marcello
371 1846 504 1917 pontifice
528 1849 592 1971 (48AE
612 1849 641 1901 et
668 1847 703 1901 de
727 1864 762 1901 ss.
782 1846 876 1901 Felice
898 1845 1086 1916 Philippoque
1112 1848 1168 1916 (47)

156 1917 258 1988 elogia.
296 1935 364 1973 caue
387 1918 511 1973 Damaso
535 1917 573 1972 tri
594 1917 681 1986 ueris,
710 1917 764 1971 etsi
792 1918 828 1972 ab
858 1917 918 1972 eius
946 1920 1041 1973 aetate
1068 1934 1169 1987 pamm

158 1989 265 2043 distare
284 1990 439 2044 contendat
456 1989 581 2044 Roscius.
620 1988 654 2043 cf.
669 1994 685 2042 5
705 2005 728 2043 c.
744 1989 839 2044 adnot.

227 2067 240 2113 1
265 2063 319 2117 ista
346 2063 441 2116 cuseos
463 2061 506 2115 Th
534 2061 571 2115 ad
598 2077 692 2114 meum
719 2076 830 2130 apogr,
857 2061 912 2115 istu
938 2061 1035 2128 infulas
1061 2059 1168 2115 Delisle

224 2133 294 2187 lotoe
317 2149 370 2187 om.
391 2131 435 2185 Th
524 2137 540 2184 2
563 2133 641 2203 cipue
663 2148 726 2186 ocus
749 2129 867 2185 distinxi
888 2130 920 2184 in
942 2131 1000 2200 Th,
1027 2133 1168 2204 capenates

154 2201 260 2258 Delisle
351 2209 367 2256 3
390 2204 438 2274 ³17⁰
460 2220 510 2273 pro
528 2211 640 2258 sauctus
657 2202 701 2256 Th
790 2207 806 2256 ὅ
829 2210 855 2259 tc
876 2220 955 2259 auce
976 2210 1096 2274 suscepte
1113 2203 1165 2271 Th,

155 2275 245 2329 uitare
260 2276 394 2344 procellos
413 2292 465 2330 om.
485 2273 561 2329 idem
649 2280 666 2328 6
685 2275 716 2329 di
732 2291 767 2330 uc
783 2290 835 2343 pro
853 2276 926 2329 disce
944 2274 987 2327 Th
1011 2274 1049 2327 ad
1071 2290 1166 2328 meum

156 2362 261 2415 apogr,
277 2346 369 2418 sitique
386 2345 492 2401 Delisle
562 2346 686 2400 munitus
723 2345 751 2413 h,
769 2345 922 2401 monitosV
935 2344 980 2415 (cf.
994 2344 1078 2414 Verg.
1094 2346 1162 2399 Aen.

158 2416 198 2471 Vl
212 2422 265 2471 620
284 2419 379 2473 discite
399 2463 404 2473 .
421 2462 426 2472 .
443 2462 448 2472 .
468 2418 575 2487 occuito)

645 2650 687 2714 74

226 2809 414 2873 Perdiderat
436 2810 569 2873 laticum
592 2810 750 2895 longaeua
772 2809 896 2872 incuria
918 2831 1041 2892 cursus,

292 2937 373 2998 quos
395 2915 457 2979 tibi
479 2937 564 2979 nunc
586 2916 681 2999 pleno
706 2915 877 2979 cantharus
900 2936 954 2978 ore
977 2914 1089 2978 uomit.

227 3020 363 3104 prouida
385 3022 524 3104 pastoris
546 3043 604 3105 per
625 3025 730 3086 totum
754 3043 830 3084 eura
852 3020 968 3084 Leonis

296 3126 375 3190 haec
398 3127 515 3191 ouibus
539 3124 690 3214 chusai
712 3128 802 3213 larga
824 3127 945 3191 fluenta
968 3126 1062 3190 dedit.
1169 3178 1171 3206 3

181 3248 197 3298 5
229 3232 316 3297 unda
338 3234 427 3298 lauat
450 3234 554 3297 carnis
576 3234 730 3319 maculas,
753 3236 808 3298 sed
831 3234 965 3297 crimina
986 3237 1105 3319 purgat

294 3341 519 3425 purificatque
532 3341 654 3404 animas
676 3341 826 3406 mundior
849 3363 941 3404 amne
964 3342 1051 3404 fides,

230 3447 365 3532 quisque
388 3447 455 3511 suis
477 3446 602 3510 meritis
624 3446 804 3511 ueneranda
827 3448 964 3511 sacraria
986 3447 1079 3512 Pauli

296 3553 473 3638 ingrederis
496 3553 644 3639 supplex,
668 3553 761 3617 ablue
784 3553 873 3619 fonte
896 3577 1017 3620 manus.
