2678 3920
175 202 216 266 72
498 202 858 260 PSEVDODAMASIANA
879 154 882 159 ›

240 386 336 449 quem
358 366 447 430 sedes
470 388 537 431 non
558 367 626 431 ulla
648 368 747 452 capit3
770 366 826 450 qui
848 365 969 429 lumine
991 365 1098 449 primo

238 471 364 557 uidisti,
388 472 544 557 quidquid
566 472 685 537 mundo
708 476 858 538 nascente
881 493 1018 558 crearas3

239 578 307 662 ipse
330 578 452 664 opifex,
476 601 556 663 opus
579 581 647 663 ipse
670 579 733 665 tui,
756 579 906 665 dignatus
928 579 1055 663 iniquas

173 701 206 750 1ο
240 684 354 749 aetatis
376 685 494 749 sentire
517 685 604 751 uices
627 690 659 750 et
682 685 825 770 corporis
847 684 944 749 huius

239 791 410 855 dissimiles
431 791 572 875 perferre
594 792 707 856 modos
729 791 956 874 hominemque
978 790 1100 878 subire,

237 901 275 960 ut
296 897 401 981 possis
423 901 601 963 monstrare
625 899 732 983 deum,
754 920 795 962 ne
817 897 961 961 lubricus
984 919 1072 962 error

238 1007 271 1067 et
294 1003 426 1089 decepta
449 1005 503 1069 diu
526 1005 609 1068 uarii
632 1005 775 1069 sollertia
797 1004 909 1068 mundi

236 1114 368 1195 pectora
390 1113 457 1173 tam
480 1110 593 1174 multis
614 1111 734 1175 sineret
756 1110 905 1175 mortalia
927 1110 1039 1175 saeclis

171 1231 206 1281 15
220 1209 223 1215 ’
238 1220 402 1281 auctorem
424 1217 546 1282 nescire
569 1239 676 1281 suum:
700 1221 732 1281 te
756 1217 882 1282 conscia
903 1221 1016 1301 partus

236 1327 340 1388 mater
363 1327 395 1388 et
418 1324 549 1388 attoniti
571 1324 730 1409 pecudum
753 1346 877 1389 sensere
900 1323 1040 1389 timores,

236 1435 269 1496 11
292 1452 378 1495 noua
399 1430 540 1495 sollicito
562 1430 736 1495 lustrantes
758 1430 863 1494 sidera
884 1430 958 1494 uisu

236 1537 270 1600 in
294 1536 381 1601 caelo
404 1536 514 1601 uidere
536 1537 640 1621 prius,
662 1536 835 1621 lumenque
858 1538 956 1602 secut'

235 1644 388 1708 inuenere
410 1644 506 1730 magi.
552 1648 589 1708 tu
611 1644 708 1708 noxia
730 1648 861 1728 pectora
883 1644 983 1709 soluis

169 1766 204 1816 20
238 1749 424 1835 elapsasque
447 1750 569 1815 animas
592 1752 627 1814 in
649 1771 783 1835 corpora
806 1750 916 1816 functa
938 1750 1063 1816 reducis

236 1860 269 1920 et
291 1856 394 1920 uitam
416 1878 558 1921 remeare
580 1856 682 1925 iubes.
726 1861 762 1921 tu
785 1858 856 1944 lege
878 1858 998 1941 recepti
1107 1935 1109 1943 Ι

234 1963 375 2026 muneris
399 1963 439 2026 ud
461 1962 572 2027 Manes
595 1968 744 2048 penetres
766 1964 944 2048 mortisque
966 1964 1106 2029 latebras

233 2068 426 2133 immortalis
449 2069 525 2133 adis.
570 2069 658 2134 nasci
681 2069 743 2134 tibi
765 2092 831 2134 non
854 2070 918 2134 fuit
940 2070 996 2134 uni

232 2174 429 2260 principium
451 2175 588 2258 finisque
610 2176 707 2262 mori,
735 2176 791 2241 sed
812 2180 906 2241 nocte
928 2177 1035 2241 refusa

166 2299 200 2348 25
233 2282 269 2346 in
291 2281 414 2346 ceolum
437 2285 625 2366 patremque
648 2283 733 2347 redis
755 2305 929 2366 rursusque
951 2284 1083 2368 perenni

233 2388 345 2453 ordine
367 2388 514 2474 purgetis
537 2387 651 2453 adimis
674 2390 824 2476 contagia
845 2390 948 2454 terris.

232 2499 268 2559 tu
291 2495 379 2559 solus
401 2495 567 2579 patrisque
590 2516 710 2580 comes,
732 2500 769 2560 tu
791 2497 924 2580 spiritus
947 2497 1056 2562 insons

232 2606 265 2666 et
287 2602 384 2666 toties
406 2623 490 2665 unus
512 2602 697 2687 triplicique
719 2602 755 2666 in
776 2602 906 2667 nomine
929 2603 1090 2697 simplem

233 2708 324 2793 quid,
346 2708 409 2771 nisi
432 2729 491 2791 pro
515 2708 651 2794 cunctis,
674 2708 762 2772 eliud
785 2709 857 2793 quis
880 2709 1007 2774 credere
1028 2711 1132 2794 possit

163 2833 198 2883 30
230 2820 263 2880 te
285 2813 429 2900 potuisse
450 2814 547 2899 mori,
569 2818 698 2898 poteras
721 2815 777 2899 qui
800 2814 930 2880 reddere
952 2816 1077 2881 uitam?

233 3007 344 3062 Primus
358 3005 450 3061 edidit
464 3004 577 3060 Camers
592 3023 617 3060 a.
632 3012 700 3060 1510
714 3005 745 3060 in
758 3007 801 3062 ed.
813 3006 971 3076 Claudiani,
986 3024 1069 3077 quem
1083 3010 1173 3065 secuti

163 3081 229 3133 sunt
242 3077 345 3147 reliqui
359 3076 482 3132 editores
497 3076 658 3133 Claudiani:
678 3076 817 3132 Gesnerus
830 3097 857 3148 p.
874 3083 934 3149 710,
950 3079 1015 3148 Ieep
1029 3080 1095 3149 Hp.
1110 3086 1173 3150 202,

163 3150 224 3204 Birt
236 3168 265 3219 p.
276 3154 326 3203 411
337 3167 364 3203 n.
374 3148 434 3217 XX,
448 3148 527 3202 Koch
540 3167 568 3217 p.
578 3153 638 3203 808.
666 3148 856 3231 Anthologiae
870 3149 920 3205 lat.
934 3149 1172 3207 inseruitARiese

161 3240 189 3275 n.
209 3226 269 3274 878.
306 3219 487 3273 Merobaudis
506 3218 626 3288 Hispani
645 3219 808 3274 scholastiu
831 3237 943 3276 carmen
966 3237 1027 3277 1111
1049 3224 1172 3277 testatur

162 3290 322 3358 Fabricius,
346 3289 396 3358 qui
419 3289 510 3345 edidit
533 3306 549 3344 e
573 3290 669 3344 codice
693 3291 810 3359 antiquo
834 3292 870 3346 ab
890 3291 1013 3362 Oporino
1034 3293 1170 3348 submini-

161 3364 251 3416 strato
265 3380 292 3430 p.
304 3365 420 3429 763sqq.
435 3362 472 3442 (u.
482 3360 544 3415 eius
556 3364 703 3417 comment.
713 3381 740 3432 p.
751 3366 803 3431 87).
824 3362 858 3417 cf.
868 3362 997 3417 Niebuhr
1004 3363 1169 3422 Merobaud.

160 3452 187 3502 p.
202 3432 236 3501 X,
255 3431 318 3485 Birt
334 3430 422 3501 prees.
436 3450 467 3485 m
481 3431 628 3488 Claudiam
642 3452 669 3502 p.
685 3433 801 3502 CLXXI,
820 3432 1076 3489 Teuffel-Schwabe
1094 3436 1169 3492 Hist.

160 3503 217 3558 litt.
236 3502 285 3557 lat.
305 3507 320 3568 ξ
338 3508 399 3584 164Ξ
414 3507 439 3571 2,
457 3502 545 3557 Ebert
564 3501 662 3559 Gesch.
683 3505 732 3559 der
750 3503 857 3559 christl.
876 3504 918 3558 lat
936 3504 1003 3559 Litt.
1022 3505 1054 3558 1¹
1070 3524 1097 3575 p.
1116 3514 1170 3562 418

161 3574 221 3643 (qui
234 3572 416 3628 Merobaudis
434 3589 495 3627 esse
511 3578 617 3644 negat),
635 3574 802 3630 MManitius
819 3574 917 3630 Geseh.
934 3575 983 3630 der
997 3574 1104 3632 christi.
1118 3578 1169 3634 lat.
