2678 3920
463 206 602 260 DAMASI
620 205 890 260 EPIGRAMMATA
1137 207 1179 271 63

87 400 89 403 ·
172 384 189 432 5
218 372 250 431 te
274 368 353 432 duce
375 372 520 432 seruatus
542 369 657 433 mortis
681 369 767 452 quod
789 369 919 433 uincula
941 370 1013 453 rupi

214 474 363 539 hostibus
386 475 548 560 extinctis,
575 475 703 538 fuerant
726 475 781 559 qui
803 475 885 538 falsa
906 475 1020 559 locuti,

213 581 361 646 uersibus
383 582 434 646 his
456 582 614 646 Damasus
637 581 771 666 supplex
794 581 855 645 tibi
878 586 956 646 uota
977 583 1125 666 rependo.

240 738 380 793 Discimus
394 740 448 793 hoc
462 738 585 794 carmine
599 740 752 794 Damasum
765 741 865 793 uotum
878 738 996 794 soluisse
1011 744 1047 810 (u.
1063 742 1100 795 ad
1113 759 1140 795 u.
1152 745 1178 811 6)

170 827 190 864 s.
206 810 295 864 Felici
308 811 420 865 Nolano
435 810 534 880 eidem,
554 827 637 879 quem
650 810 785 864 Paulinus
799 810 897 864 multis
916 811 1087 865 carminibus
1106 813 1178 867 cele-

168 881 234 935 brat
257 881 301 952 (cf.
320 881 458 951 imprimis
477 881 590 936 Paulini
608 899 692 936 carm.
709 882 774 936 XIV
792 886 952 951 1155-70,
976 883 1026 936 ubi
1048 887 1179 938 narratur

168 952 335 1006 confluxisse
354 970 369 1007 e
388 955 450 1007 tota
464 953 549 1007 Italia
562 953 680 1023 ipsaque
694 955 784 1008 Roma
797 953 911 1006 turbam
927 953 965 1007 ad
979 954 1179 1009 celebrandum

169 1022 245 1077 diem
263 1023 318 1077 uiri
337 1024 428 1078 sancti
443 1023 564 1094 festum).
596 1024 687 1078 Nolae
705 1025 794 1094 igitur
811 1024 912 1077 titulus
925 1024 1036 1093 positus
1051 1028 1102 1094 est,
1121 1043 1178 1080 non

166 1094 274 1149 Romae
292 1095 324 1148 in
340 1094 461 1150 basilica
478 1095 581 1149 Felicis
600 1095 630 1148 in
647 1095 755 1164 Pincia,
774 1095 849 1163 quod
869 1111 884 1149 e
902 1095 1043 1163 prioribus
1062 1097 1178 1165 quidam

167 1165 289 1220 uoluere.
318 1166 459 1221 recensuit
473 1169 502 1221 et
515 1166 680 1220 inlustrauit
693 1166 809 1220 Rossius
819 1165 895 1220 IChr.
906 1166 933 1219 ΙΙ
945 1185 972 1235 p.
984 1172 1082 1235 l90sq.
1111 1186 1177 1222 usus

166 1236 288 1290 maxime
308 1237 416 1307 sylloge
436 1237 618 1307 epigraphica
631 1237 744 1291 Nolana
762 1237 868 1291 codicis
888 1236 1079 1291 Cluniacensis
1099 1239 1176 1308 olim,

165 1325 241 1361 nunc
263 1308 386 1361 Parisini
407 1309 666 1377 Nouv.acq.1443
690 1308 788 1377 scripti
812 1307 924 1362 saeculo
943 1308 1042 1378 11110)
1065 1313 1177 1378 sumpta

166 1395 201 1431 ex
226 1378 385 1446 antiquiore
408 1379 504 1433 codice
526 1379 716 1449 Neapolitano
741 1379 785 1449 (cf.
804 1379 887 1432 Rossi
909 1378 927 1432 l.
943 1396 966 1433 c.
987 1397 1014 1448 p.
1036 1383 1105 1448 185).
1143 1397 1177 1434 ex

167 1450 267 1503 eadem
288 1449 336 1504 uel
357 1449 443 1503 simili
467 1450 575 1521 sylloge
597 1450 709 1505 Nolana
732 1467 845 1505 carmen
867 1449 1042 1504 Felicianum
1064 1467 1177 1520 excerp-

166 1522 228 1573 tum
246 1520 351 1589 legitur
365 1521 395 1574 in
409 1520 553 1575 codicibus
567 1521 707 1576 Vaticano
725 1526 793 1576 5087
814 1520 918 1589 scripto
937 1538 1022 1574 manu
1036 1522 1176 1575 Leonardi

167 1590 267 1645 Sanuti
282 1608 355 1645 anno
372 1593 551 1646 14461adere
566 1596 595 1646 et
609 1593 762 1647 Oxoniensi
776 1592 965 1647 Canoniciano
980 1591 1090 1661 (Script.
1108 1593 1175 1648 eccl.

165 1662 216 1717 lat.
237 1665 300 1733 2231
322 1663 474 1716 maximam
496 1666 607 1732 partem
630 1664 733 1733 scripto
758 1664 851 1716 ‘Iadre
875 1680 892 1716 a
910 1664 1015 1717 Ioanne
1037 1663 1175 1717 monacho

165 1732 362 1803 'Fuibingensi’
383 1750 457 1787 anno
474 1738 541 1787 1489
556 1733 600 1803 (cf.
616 1735 699 1788 Rossi
712 1735 730 1788 l.
742 1752 764 1788 c.
779 1752 805 1802 p.
821 1740 879 1788 186.
891 1738 950 1787 352.
966 1736 1036 1802 3531.
1066 1735 1176 1788 accedit

166 1807 282 1871 quartus
302 1804 390 1858 codex
408 1805 451 1858 Th
470 1804 562 1875 (Rossi
580 1824 606 1874 p.
622 1811 673 1858 247
692 1824 719 1859 n.
739 1808 766 1875 9)
789 1804 864 1858 idem
883 1820 995 1858 carmen
1013 1803 1097 1859 ualde
1116 1822 1176 1859 cor-

164 1877 279 1944 ruptum
303 1875 445 1930 exhibens.
482 1875 588 1944 primus
612 1876 703 1929 edidit
725 1874 872 1929 Fabricius
894 1893 921 1944 p.
943 1880 993 1928 773
1021 1892 1055 1929 ex
1078 1876 1175 1930 codice

164 1945 247 2000 nobis
270 1946 382 2016 ignoto,
411 1964 428 2000 a
451 1963 506 2014 quo
529 1947 654 2015 pendent
676 1945 814 2000 Baronius
837 1945 982 2015 Martyrol.
1006 1947 1122 2001 Roman.
1148 1948 1174 2002 d.

165 2022 200 2070 14
213 2017 272 2071 Ian.
287 2020 343 2086 (uu.
359 2021 447 2087 3-5),
468 2016 602 2072 Sarazani
619 2037 646 2072 n.
662 2025 687 2086 6,
705 2017 824 2071 Riuinus
843 2036 869 2071 n.
886 2023 927 2085 15,
946 2018 1080 2072 Merenda
1098 2037 1124 2073 n.
1141 2024 1173 2072 15

164 2087 224 2156 (qui
246 2088 277 2141 in
295 2088 370 2142 notis
394 2088 529 2142 lectiones
551 2089 611 2143 eod.
625 2088 758 2143 Vaticani
778 2094 846 2143 5087
865 2088 995 2157 profert),
1018 2089 1173 2143 Bollandus

165 2158 238 2212 Acta
257 2159 303 2214 SS.
323 2160 336 2213 I
353 2159 412 2214 Ian.
431 2178 458 2228 p.
480 2165 532 2212 940
551 2159 670 2228 aliique:
692 2160 723 2213 hi
747 2176 842 2214 omnes
864 2176 977 2214 uersum
995 2166 1011 2214 6
1031 2160 1173 2215 omittunt.

164 2229 285 2284 alterum
300 2231 457 2299 exemplum
471 2230 588 2284 extabat
601 2230 632 2284 in
644 2231 787 2285 breuiario
801 2231 912 2285 Nolano
929 2248 1003 2284 nunc
1018 2230 1173 2301 deperdito,

163 2300 238 2355 unde
258 2304 435 2371 sumpserunt
452 2302 608 2356 Bollandus
622 2303 695 2356 Acta
713 2303 759 2357 SS.
779 2303 805 2355 Π
819 2303 899 2356 Febr.
918 2321 945 2371 p.
962 2308 1004 2370 22,
1023 2303 1174 2356 Remondi-

162 2371 226 2426 nius
240 2372 345 2428 Histor.
360 2373 427 2427 eccl.
441 2373 570 2427 Nolanae
588 2373 601 2426 Ι
617 2393 644 2443 p.
660 2379 711 2427 575
731 2374 807 2443 (inde
821 2372 958 2427 Marinius
977 2373 1052 2441 apud
1066 2373 1174 2427 Maium

163 2443 263 2513 script.
283 2446 339 2499 uet.
354 2445 381 2498 V
398 2463 425 2513 p.
445 2450 492 2513 34,
507 2451 525 2498 4
543 2444 673 2499 adhibito
693 2445 782 2499 altero
801 2443 928 2513 exemplo
948 2460 982 2498 ex
1001 2443 1172 2498 editionibus

164 2514 311 2569 Sarazanii
330 2518 359 2570 et
377 2516 538 2585 Merendae)
557 2515 608 2569 alii

236 2587 352 2642 ‘Versus
370 2588 502 2642 Damasei
520 2605 594 2657 pape
616 2589 654 2642 ad
675 2589 802 2642 horrorem
823 2588 913 2642 coacti
932 2586 1033 2641 Felicis
1049 2604 1123 2655 pape
1141 2588 1174 2641 de

161 2658 229 2724 falsi
246 2660 371 2713 crimmis
384 2660 550 2729 parpaliouc
573 2665 598 2713 et
620 2660 756 2713 desolate
780 2660 834 2712 sibi
855 2660 982 2713 restituta
1004 2660 1036 2712 ia
1059 2659 1173 2712 basilica

161 2730 279 2783 eiursdem
290 2729 392 2783 Felicis
404 2731 492 2784 masio
505 2731 620 2797 mvirc‘fico
634 2729 773 2798 descripti’
784 2729 885 2782 notaui
898 2745 914 2782 e
928 2729 988 2782 cod.
999 2728 1091 2783 Vatic.
1103 2734 1172 2782 5087

161 2797 180 2852 f.
197 2805 229 2851 19
247 2801 294 2869 (de
313 2799 429 2867 reliquis
448 2818 475 2854 u.
490 2800 621 2853 Rossium
639 2799 657 2854 l.
673 2817 695 2853 c.
715 2819 741 2869 p.
759 2803 820 2868 190)
834 2803 842 2869 11
864 2806 877 2852 1
897 2816 958 2853 amo
976 2799 1019 2852 Th
1035 2801 1170 2870 111111111-

161 2887 211 2938 pac
229 2876 255 2924 et
272 2872 380 2924 nomiae
399 2870 475 2939 οΤ11,
491 2873 649 2940 pariterque
666 2873 774 2925 rumim
792 2870 883 2925 Vatic.
903 2873 933 2923 et
952 2870 1047 2938 Oxou,
1064 2872 1173 2938 pariter

161 2957 265 3009 qaoque
282 2942 390 2994 nomiae
407 2941 489 2995 Breu.
503 2941 581 3010 Nol,
597 2943 704 3011 pariter
721 2949 746 2995 te
763 2943 872 2995 samiae
890 2940 1048 3009 Fabricius,
1064 2943 1172 3009 pariter

160 3012 193 3065 de
210 3012 319 3065 nomiae
338 3011 430 3065 Sarac.
449 3011 543 3065 Riuin.
562 3013 696 3066 Merenda
719 3012 849 3081 (cf.7,1),
874 3012 981 3080 pariter
1007 3019 1039 3065 ta
1064 3013 1172 3066 domim

160 3080 234 3135 Bibl.
248 3099 321 3136 max.
335 3084 408 3150 patr.
423 3082 449 3136 V
462 3101 488 3151 p.
504 3088 565 3151 636,
580 3086 687 3152 pariter
700 3101 729 3138 re
747 3090 772 3137 et
785 3084 893 3137 nemim
907 3081 1044 3135 Marinius
1059 3086 1171 3136 secutus

161 3151 355 3206 Caracciolum
368 3154 436 3221 (ant.
451 3170 571 3208 monum.
587 3154 654 3208 eccl.
667 3154 756 3223 Neap.
772 3171 832 3223 cap.
848 3159 863 3205 2
877 3171 904 3221 p.
920 3155 965 3223 35)
981 3156 985 3223 1
1002 3154 1106 3224 Mapae
1119 3171 1170 3223 pro

160 3223 244 3278 Felix
253 3224 334 3278 Breu.
344 3223 408 3277 Nol.
424 3223 468 3292 (cf.
481 3225 615 3278 Merenda
628 3244 655 3294 p.
667 3231 727 3293 140,
741 3224 824 3279 Rossi
838 3224 901 3293 lc.)
917 3226 921 3294 1
938 3231 953 3277 2
968 3227 999 3278 ia
1014 3241 1066 3280 om.
1076 3225 1170 3280 Vatic.

160 3294 247 3349 Oxon.
262 3293 409 3349 Fabricius
425 3294 925 3364 11011191οΤ11,111111111Β111,Νο1.
940 3295 1050 3350 Fabric.
1065 3296 1170 3365 (Sarae.

158 3366 221 3422 Riu.
236 3366 370 3420 Merenda
388 3366 537 3435 Marinius)
550 3368 589 3436 113
608 3368 695 3422 collita
713 3367 769 3435 Th,
788 3369 867 3422 colito
880 3366 971 3422 Vatic.
986 3370 996 3437 11
1014 3373 1031 3420 4
1048 3370 1171 3436 repedare

158 3436 210 3506 Th,
228 3440 361 3507 repedare
375 3436 467 3493 Vatic.
489 3438 493 3510 1
516 3439 638 3492 arautem
656 3454 709 3492 om.
729 3438 771 3491 Th
794 3441 803 3519 11
827 3443 841 3491 5
861 3440 918 3507 pud
937 3441 998 3508 (pro
1016 3441 1098 3509 qaod)
1117 3438 1168 3506 Th,

157 3524 261 3577 quoquc
278 3507 438 3633 Brerthol.
452 3511 492 3579 116
512 3525 565 3563 om.
580 3508 689 3564 Fabric.
709 3512 738 3563 et
757 3510 879 3563 editores
897 3509 1013 3564 Damasi
1032 3513 1040 3579 11
1061 3516 1076 3563 7
1095 3527 1170 3565 porca

161 3582 222 3646 (pro
241 3585 317 3649 uoto)
