2662 3922
528 209 753 266 TESTIMONIA
1033 212 1150 269 XXXIX

141 372 230 461 sus¹)
261 377 293 439 et
320 395 385 438 non
412 377 486 458 post
512 373 652 438 multum
681 374 836 458 temporis
859 374 1066 440 interuallum
1089 375 1151 441 Vr-

9 488 12 493 ’
142 464 228 528 smus
255 485 274 527 a
301 462 493 548 quibusdam
523 464 690 547 episeopus
713 464 908 528 constitutus
931 462 1149 554 Sisininum¹)

144 573 213 616 eun
235 552 301 616 suis
324 552 456 616 inuadit.
487 574 551 636 quo
574 551 784 616 Damasianae
806 552 909 636 partis
931 553 1051 638 populo
1076 574 1150 619 oon-

143 639 520 812 ididiaecmdefissmoe
548 640 786 705 interfectiones
815 640 934 705 diuersi
963 663 1057 707 sexus
1079 664 1150 727 per-

204 906 391 990 Hieroupmi
411 907 510 989 praef.
533 907 569 971 iu
591 912 734 988 quatuor
757 928 864 991 euuup.
888 905 932 991 (a.
955 908 1035 992 383)
1071 906 1151 972 Bea-

145 994 264 1060 tissimo
292 1016 392 1080 papae
416 994 555 1060 Damaso
578 993 805 1079 Hieronymus.
849 1018 971 1062 nouum
1000 1018 1080 1081 opus
1103 997 1150 1061 fa·

146 1104 213 1147 eere
230 1105 282 1148 me
305 1084 395 1170 eogis
418 1105 457 1148 ex
479 1084 591 1169 ueteri,
613 1087 651 1148 ut
672 1088 747 1168 post
765 1085 959 1170 exemplaria
977 1086 1150 1171 seriptura-

146 1193 219 1236 rum
238 1175 308 1237 toto
336 1172 413 1236 orbe
441 1172 582 1256 dispersa
610 1173 701 1257 quasi
725 1173 855 1257 quidam
878 1174 1000 1238 arbiter
1021 1174 1149 1241 sedeam

148 1263 181 1324 et
213 1261 279 1343 q1ia
310 1262 394 1325 inter
425 1283 459 1326 se
490 1261 633 1347 uariant,
665 1284 746 1346 quae
778 1263 843 1326 sint
874 1262 931 1326 illa
963 1284 1044 1346 quae
1076 1284 1151 1328 oum

149 1347 259 1414 eroes
282 1350 483 1414 consentiant
504 1350 649 1433 ueritate,
673 1350 847 1415 deeernam.
877 1350 950 1435 pius
969 1351 1070 1435 labor,
1093 1351 1150 1416 sed

148 1436 316 1522 periodosa
338 1438 570 1524 praesumptio,
597 1439 737 1504 iudieare
761 1439 799 1504 de
822 1439 949 1524 ueteris,
976 1440 1082 1524 ipsum
1106 1439 1148 1504 ab

149 1523 288 1592 omnibrs
314 1527 533 1613 iudicandum,
565 1528 650 1592 senis
676 1531 801 1593 mutare
828 1529 973 1615 linguam
1001 1531 1034 1591 et
1056 1549 1148 1592 eane-

149 1616 278 1680 seenten
300 1617 365 1680 iam
388 1616 543 1681 mundum
566 1616 606 1680 ad
628 1616 722 1681 initia
744 1616 906 1681 retrahere
928 1616 1147 1701 paruulorum.

150 1703 224 1788 quis
246 1705 319 1769 erim
342 1705 454 1771 duobis
476 1706 597 1790 pariter
619 1705 673 1769 uel
695 1705 857 1790 indoctus,
879 1726 953 1769 eum
975 1705 1009 1768 in
1032 1727 1146 1770 manus

150 1791 290 1857 uolume
312 1794 525 1878 adsumpserit
547 1797 580 1858 et
600 1816 619 1857 a
641 1793 743 1857 saliua
766 1816 863 1878 quarn
885 1794 984 1859 semel
1006 1794 1146 1877 imbibit,

150 1878 269 1945 uiderit
291 1882 461 1967 iiserepare
488 1882 575 1967 quod
601 1882 739 1966 lectitat,
768 1904 834 1948 non
861 1883 971 1947 statim
999 1887 1147 1967 erumpat

153 1971 188 2034 in
215 1988 313 2035 uoeen
340 1993 391 2036 me
418 1970 597 2055 falsarium,
620 1992 671 2035 me
694 1971 835 2035 olamans
858 1993 925 2036 esse
948 1972 1149 2059 sacrilegum,

154 2058 211 2143 qui
235 2054 351 2124 audem
375 2059 497 2144 aliquid
524 2059 559 2123 in
585 2060 749 2124 ueteribus
770 2059 863 2125 libris
886 2060 1000 2125 addere
1023 2064 1149 2126 mutare

154 2145 326 2231 corrigere.
366 2149 517 2213 aduersus
540 2171 637 2234 quam
660 2148 816 2213 inuidiam
839 2149 957 2234 duplex
980 2171 1074 2214 eausa
1096 2172 1149 2215 me

155 2234 335 2300 consolatur
359 2238 445 2322 quod
468 2241 501 2302 et
523 2241 568 2323 tu,
592 2238 648 2322 qui
671 2260 815 2303 summus
838 2238 984 2303 sacerdos
1007 2260 1053 2324 es,
1076 2239 1148 2303 fieri

156 2323 256 2407 iubeo,
279 2325 311 2385 et
332 2343 429 2391 erum
451 2349 516 2391 nou
539 2348 606 2391 esse
626 2326 712 2411 quod
730 2328 843 2411 uariat,
866 2327 963 2391 etiam
980 2327 1150 2392 maledieo-

157 2435 230 2476 rum
252 2409 418 2480 ustione
443 2415 671 2500 comprobatur
693 2437 749 2500 eqs
751 2467 892 2480 .......
907 2415 1045 2498 explicit:
1069 2420 1147 2500 opto

156 2506 194 2603 ut
220 2496 388 2675 ina)0hrito
416 2505 523 2569 ueleas
551 2507 583 2569 et
610 2505 674 2569 mei
701 2505 897 2590 memineris,
926 2526 1009 2589 papa
1032 2504 1148 2569 beatis-

156 2611 245 2655 sime.

166 2784 169 2791 ’
224 2766 395 2845 Hieronem
411 2772 621 2852 interpretatio
644 2771 717 2835 liert
739 2769 873 2854 Didymi
894 2772 931 2836 de
944 2772 1018 2853 spir.
1033 2777 1147 2836 saneta

153 2856 255 2940 praef.
306 2874 379 2916 eum
399 2858 428 2922 'n
463 2857 664 2946 Babylone4)
701 2880 847 2923 uersarer
883 2862 916 2922 et
951 2862 1147 2944 purpuratae

160 2941 337 3008 meretricis
369 2960 447 3011 essm
480 2948 611 3014 colonus
643 2951 676 3012 et
707 2948 776 3011 iure
804 2946 967 3023 Quiritum
993 2948 1147 3031 uinerem,

160 3031 252 3097 uolui
283 3028 406 3116 garrire
422 3036 537 3120 eliquid
569 3036 607 3101 de
639 3036 755 3121 spiritu
787 3037 897 3099 saneto
933 3039 965 3099 et
996 3039 1146 3120 coeptum

161 3118 352 3206 opuseulum
380 3115 497 3188 eiueem
519 3124 610 3190 urbis
632 3123 779 3210 pontifici
802 3123 940 3188 dedicari
955 3174 1073 3189 ......
1088 3125 1147 3189 ita·
1255 3128 1263 3146 ’

161 3241 375 3256 —-——.--—

235 3296 261 3363 1)
279 3291 349 3346 item
375 3288 406 3342 in
431 3287 537 3367 Prsperi
564 3298 658 3353 ehron.
686 3298 797 3368 (Chron.
825 3297 923 3353 minor.
947 3298 960 3351 I
982 3316 1009 3367 p.
1025 3304 1077 3354 458
1102 3300 1146 3355 ed.

162 3365 337 3431 Mommsen).

167 3471 171 3483 .
234 3438 261 3505 a)
280 3433 314 3488 ef.
334 3432 424 3486 emm.
443 3429 577 3494 beentur
595 3438 699 3494 testim.
719 3458 746 3565 p
765 3439 847 3494 nnn.

211 3530 218 3545 ·
235 3509 262 3575 3)
279 3504 359 3559 liade
377 3520 404 3571 p.
421 3505 480 3556 145·
491 3510 697 3565 Burdenhewer
742 3510 881 3581 atrologie
900 3529 927 3580 p.
941 3516 1001 3566 430.
1021 3516 1074 3566 440
1083 3529 1145 3580 sqq.

235 3580 262 3647 4)
281 3575 299 3629 i.
315 3590 338 3629 e.
357 3574 494 3641 Romae„
513 3585 662 3636 aee-ees.
