2678 3928
189 232 253 296 104
513 229 874 286 PSEVDODAMASIANA

205 409 221 458 5
255 394 328 478 quis
350 397 456 458 tantas
480 393 609 459 Christo
632 395 828 459 uenerandas
851 394 995 458 condidit
1017 394 1120 478 aedes,

321 501 348 564 si
371 501 510 584 quaeris:
535 501 640 566 cultor
661 500 886 565 Pammachius
909 501 992 565 fidei.
1141 497 1144 502 ’

259 659 296 712 In
318 660 435 713 introitu
458 659 581 713 eeclesiae
603 660 738 713 Iohannis
759 665 785 712 et
807 658 894 713 Pauli
917 657 972 711 fuit
994 659 1067 712 teste
1085 655 1118 725 L,
1146 657 1195 726 qui

189 728 265 783 solus
285 728 417 782 seruauit.
455 727 533 783 Grut.
554 734 636 798 1164,
655 735 672 782 8
695 728 772 799 (inde
795 726 914 782 Riuinus
932 746 960 783 n.
980 731 1038 797 20),
1060 727 1194 782 Marinius

189 800 266 869 apud
283 799 391 854 Maium
409 798 509 868 Seript.
524 803 581 855 uet.
595 799 621 853 V
637 819 664 869 p.
680 805 740 869 132,
756 806 780 869 3,
799 800 882 854 Rossi
899 799 975 854 IChr.
990 799 1017 854 Π
1034 818 1060 869 p.
1077 805 1134 868 150,
1149 805 1193 867 20,

190 871 328 924 Germano
352 870 381 923 di
396 870 427 924 S.
446 870 588 925 Stamslao
606 872 647 925 La
665 888 731 925 oasa
750 870 939 925 oelimontana
963 870 1010 925 dei
1033 887 1068 926 sss
1087 870 1194 924 martiri

189 940 329 995 Giovanni
347 943 377 995 et
394 940 482 995 Paolo
501 943 616 1010 (Romae
636 945 716 1011 1894)
733 961 760 1012 p.
776 948 827 995 359
838 960 898 1010 sqq.

262 1019 275 1065 1
295 1013 371 1067 dicat
387 1014 452 1067 haee
469 1030 519 1082 pro
538 1015 609 1068 celsa
626 1013 745 1067 Riuinus
763 1013 922 1082 proposuit,
946 1013 997 1067 sed
1014 1015 1115 1067 temere
1133 1013 1193 1067 Da·

188 1100 280 1138 11111
293 1100 344 1153 pro
359 1085 470 1137 domini.
503 1084 619 1138 Rossius
634 1083 771 1138 antistitis
785 1101 887 1139 nomen
901 1082 1064 1138 desiderans
1078 1083 1196 1137 coniecit

188 1157 301 1209 11111111
320 1156 425 1209 denuoi
437 1155 506 1222 Leo,
525 1155 601 1223 quod
618 1156 722 1224 probat
738 1155 877 1210 Germano
890 1154 1012 1209 Leonem
1029 1156 1043 1208 Ι
1061 1157 1193 1224 (1.440-

189 1228 253 1294 461)
276 1224 443 1295 intellegens
463 1225 633 1295 (Hadrianus
651 1226 779 1295 pontifex
800 1229 911 1282 titulum
929 1227 1097 1283 Pammachii
1117 1243 1195 1280 sano·

189 1304 278 1352 torum
301 1298 482 1352 1111111111
505 1297 602 1364 Pauli,
630 1300 702 1367 quod
725 1316 776 1367 per
797 1301 902 1367 elapsos
923 1305 1077 1353 ororeaerat
1099 1314 1194 1363 aeneo,

189 1370 283 1423 onmia
310 1375 387 1423 sarta
413 1375 483 1422 tecta
511 1370 596 1423 eidem
623 1371 703 1423 titulo
729 1371 877 1424 renouauit
902 1371 975 1423 teste
1002 1368 1063 1423 Lib.
1086 1371 1158 1439 pont.
1182 1369 1195 1420 Ι

189 1457 216 1508 p.
237 1441 311 1508 510);
340 1438 413 1492 nihil
435 1438 549 1493 uidetur
573 1440 677 1494 deesse.
719 1457 783 1494 eum
810 1440 937 1494 clausula
965 1439 999 1495 ef.
1023 1439 1101 1511 Verg.
1124 1441 1193 1493 Aen.

190 1509 242 1563 XII
258 1516 308 1563 199
328 1512 393 1565 dusri
405 1512 530 1565 sacraria
543 1511 622 1565 Ditis
676 1518 691 1564 2
706 1514 807 1580 palera
821 1510 900 1566 Grut.
958 1517 974 1564 3
992 1513 1083 1565 renitet
1097 1510 1194 1578 codex,

191 1597 243 1635 em.
259 1580 338 1635 Grut.
406 1586 423 1633 4
442 1581 525 1634 Rossi
543 1581 560 1635 l.
577 1598 599 1636 c.
618 1601 645 1651 p.
661 1587 703 1650 99,
719 1588 752 1635 12
771 1585 893 1638 claustra
910 1585 1005 1637 doceat
1022 1584 1093 1637 tutu
1110 1583 1194 1636 inesse

191 1654 270 1707 (11111
324 1658 339 1705 5
358 1652 555 1706 Pammachius
574 1652 618 1706 uir
636 1652 686 1707 ille
702 1652 872 1707 christianus
891 1652 1015 1707 ereditur
1028 1667 1092 1719 esse,
1110 1668 1194 1720 quem

190 1739 247 1776 non
266 1721 353 1777 semel
370 1722 490 1777 laudant
507 1723 694 1793 Hieronymus
713 1727 743 1778 et
760 1724 896 1779 Paulinus
915 1724 1055 1792 Nolanus,
1073 1722 1107 1778 ef.
1127 1722 1195 1777 Ger-

190 1810 275 1847 mano
293 1794 311 1849 1,
327 1811 350 1848 c.
369 1813 396 1863 p.
411 1800 463 1848 268
474 1812 533 1863 sqq.
549 1800 600 1849 356
611 1812 671 1863 sqq.

662 2029 723 2094 101

257 2185 403 2272 Virginis
426 2187 479 2250 hio
502 2191 643 2274 tenerae,
665 2189 781 2274 lector,
804 2189 953 2253 miserere
976 2186 1151 2275 sepulchro:

323 2294 419 2357 unius
441 2293 518 2357 huia
540 2294 635 2359 lustri
658 2296 715 2359 uix
737 2296 801 2359 fuit
824 2299 894 2359 arta
917 2296 992 2359 dies,

258 2422 277 2464 o
301 2422 397 2484 quem
420 2400 614 2486 longinquae
638 2401 743 2465 fuerat
767 2401 954 2487 dignissima
976 2403 1069 2483 uiae,

324 2506 401 2591 heu,
424 2507 515 2571 euius
537 2508 622 2571 uiuit
643 2530 729 2572 nuno
751 2510 819 2572 sine
842 2509 905 2572 fine
929 2508 1024 2573 dolor!

210 2630 226 2677 5
259 2613 411 2678 addamus
434 2613 558 2677 meritis
580 2613 728 2678 lacrimas
751 2618 818 2678 tam
840 2615 954 2680 mortis
972 2630 1114 2697 acernae,

324 2741 400 2784 nem
423 2742 504 2803 quae
526 2724 620 2805 grata
641 2721 761 2804 forent,
789 2725 865 2785 sunt
887 2722 974 2785 mod)
1002 2719 1107 2783 flenda
1131 2721 1193 2785 diu.

259 2825 337 2890 haee
360 2824 524 2890 Theodoto
547 2825 662 2890 habuit
684 2849 815 2912 nomen,
843 2849 923 2910 quae
947 2824 1059 2913 gaudia
1081 2829 1194 2891 matris

324 2932 462 3015 perculit
485 2936 613 2997 aeterno
636 2933 769 2996 uulnere
792 2935 884 3015 rapta
907 2933 972 2995 cito,

259 3039 328 3103 sola
350 3042 459 3102 temen
481 3040 564 3103 tanti
587 3042 710 3103 restant
727 3038 884 3103 solamina
905 3039 1016 3121 uetus,

195 3161 228 3207 10
327 3144 414 3228 quod
436 3144 516 3208 tales
540 3146 664 3209 animae
685 3145 834 3229 protinus
857 3148 934 3211 asta
955 3147 1079 3226 petimt.

191 3285 275 3349 vixit
284 3308 355 3349 aun.
360 3284 435 3370 ΠΗ,
445 3285 632 3372 mensVIII,
642 3286 671 3349 d.
676 3285 778 3349 XXV.
789 3282 985 3369 depsslnon.
992 3282 1078 3369 Sept.
1089 3284 1153 3348 ind.
1160 3337 1166 3348 .
1174 3337 1193 3349 ..

264 3460 302 3512 Iu
319 3476 352 3513 ss.
371 3460 507 3530 Quodam
522 3461 718 3517 Coronatorum
730 3462 830 3516 Petrus
845 3457 956 3521 Selinus
973 3459 1049 3528 apud
1062 3459 1194 3514 Rossium

193 3527 270 3583 Iohr.
285 3528 311 3582 ΙΙ
321 3547 351 3651 f
361 3536 414 3583 440
433 3534 462 3585 et
480 3533 540 3614 eod.
556 3531 696 3614 Yallioell.
712 3532 736 3586 G
753 3538 786 3586 28
800 3550 827 3614 p.
838 3538 871 3585 49
881 3531 918 3597 (u.
938 3547 1022 3600 supra
1041 3530 1137 3586 adnot.
1157 3534 1194 3586 ad

193 3617 220 3652 n.
236 3602 288 3669 31).
333 3616 414 3654 ocum
431 3619 488 3655 non
506 3604 636 3658 mdioant
648 3603 710 3674 PL,
729 3604 812 3658 Ross1
830 3602 848 3656 l.
860 3618 874 3661 a
887 3618 914 3670 Ρ.
930 3606 973 3670 90,
984 3608 1019 3655 50
1036 3621 1063 3672 p.
1080 3608 1139 3671 100,
1152 3610 1193 3658 16.

1327 3628 1332 3659 1
