2678 3920
459 206 820 263 PSBVDODAMASIANA

624 444 665 506 76

177 582 242 648 Hic
264 581 379 646 Festus
402 582 497 667 iacet,
520 584 718 670 cognosc[ite
734 634 896 648 ......
901 635 910 667 ,

180 711 276 774 quem
294 710 439 774 puerum,
459 685 625 777 Chr(ist)e,
643 690 798 755 monuisti
813 690 969 774 [temnere
983 689 1148 755 mundum.

179 817 238 880 pro
261 795 385 860 meritis
408 795 502 861 credo
527 797 603 880 quia
625 797 675 881 sa[
698 848 704 860 .
793 849 799 860 .
823 849 830 861 .
855 849 861 861 .
886 848 892 861 .

181 902 232 966 bis
255 901 418 967 duodenos
440 902 575 967 necdum
599 904 820 989 conplc[uerat
843 926 951 969 annos.

134 1025 151 1074 o
180 1009 351 1094 conposuit
372 1030 483 1074 uersos
505 1008 702 1095 Marcian[us
726 1062 887 1076 ......

362 1147 518 1202 DEPOSI'I'
533 1149 567 1235 (I
585 1148 669 1203 Inus
694 1184 856 1198 ......

311 1253 790 1320 QVIVIXITANNXXIHET.
815 1291 853 1305 ..

205 1431 407 1501 Fragmentum
425 1431 556 1486 effossum
574 1431 623 1486 uia
640 1432 796 1487 Ardeatino
814 1432 845 1486 in
863 1431 1030 1487 coemeterio
1048 1432 1145 1486 Domi·

132 1502 214 1557 tillae
241 1519 299 1556 una
327 1519 390 1556 cum
416 1504 605 1558 monumentis
634 1504 740 1558 saeculi
767 1503 862 1572 quarti
890 1503 1025 1559 exeuntis.
1061 1503 1146 1558 Rossi

135 1573 209 1628 Bull.
226 1573 301 1628 crist.
318 1578 386 1627 1875
404 1591 431 1643 p.
447 1578 481 1628 48
492 1592 532 1642 sq.
552 1574 597 1644 (of.
611 1575 702 1629 Roma
721 1577 785 1629 sott.
803 1575 843 1628 ΠΙ
860 1594 887 1645 p.
902 1578 973 1645 239),
991 1574 1146 1630 Buecheler

136 1645 223 1699 Anth.
239 1644 326 1714 epigr.
344 1662 372 1699 n.
388 1649 438 1699 735

206 1721 220 1769 1
235 1717 385 1787 oopmscite
397 1717 498 1783 fratres
509 1715 625 1770 Bossius
639 1716 753 1786 scripsit
766 1715 811 1786 (of.
823 1722 865 1786 7‚4
878 1718 1027 1789 coquoscite
1039 1718 1145 1784 fratris,

133 1803 191 1841 non
208 1788 331 1857 fratres),
354 1789 502 1858 copmcate
525 1788 598 1854 fidas
620 1790 724 1843 amicas
741 1787 896 1842 Buecheler
918 1788 979 1843 iure
1001 1786 1145 1855 requirens

132 1857 287 1927 pleniorem
305 1874 418 1912 uersum
490 1864 647 1927 laperaem
663 1860 797 1913 meadum
814 1858 905 1928 Rosci,
924 1858 959 1914 cf.
978 1864 1037 1928 11‚2
1052 1866 1144 1940 posset

132 1931 180 1999 qm'
197 1936 311 1985 temnere
329 1931 462 1984 mmmmm
526 1934 542 1982 3
561 1930 628 1999 qma
645 1930 767 2001 sa[lmmm
784 1947 892 2002 empore
907 1973 912 1985 .
925 1974 929 1985 .
942 1932 961 2002 .]
980 1931 1064 1984 Bossr
1078 1928 1143 1983 imi-

132 2000 271 2055 tationem
283 1999 401 2054 Damasi
415 2000 529 2054 subesse
544 2002 622 2054 ratus
637 2002 690 2070 (9,ss
701 2008 764 2070 poet
778 2004 879 2057 cineres
892 2002 1047 2057 Damasum
1059 2002 1143 2068 faciet

131 2073 198 2140 qaia
210 2088 318 2141 empore
331 2073 428 2141 credo),
446 2073 511 2141 qma
525 2072 634 2143 ammom
651 2074 708 2127 lace
720 2074 841 2145 smeret]
855 2072 1010 2128 Buecheler
1022 2072 1141 2141 mauult,

130 2143 163 2194 ut
176 2141 250 2196 inste
264 2140 448 2195 concludatur
464 2141 555 2196 oratio
627 2148 645 2195 4
663 2145 704 2198 bis
721 2145 806 2199 demas
823 2146 920 2200 hiemes
937 2146 1052 2201 modam
1070 2161 1139 2200 com-

128 2214 256 2282 plemam
274 2219 349 2269 aetas
366 2213 459 2267 Irenes
477 2213 594 2267 Damasi
612 2213 715 2269 sororis
735 2220 794 2284 10,5

602 2449 670 2512 ma

174 2639 743 2655 ...................
779 2590 937 2654 deuotam.

173 2694 253 2759 haec
275 2696 351 2780 tibi,
373 2699 510 2781 martyr,
533 2718 593 2782 ego
617 2696 755 2780 rependo
778 2719 912 2761 munera
934 2696 1046 2761 laudis,
1096 2686 1098 2689 ⁵

175 2800 238 2865 hoc
261 2823 342 2886 opus
365 2804 415 2865 est
435 2806 597 2888 nostrum,
619 2802 697 2866 haec
721 2804 825 2867 omnis
848 2824 924 2867 cura
946 2802 1079 2887 laboris,

175 2910 213 2970 ut
237 2906 367 2991 dignam
389 2908 513 2972 meritis
524 2958 997 2973 ................

129 3027 145 3077 5
175 3011 254 3075 haec
276 3012 405 3095 populis
428 3035 445 3076 c
460 3064 808 3078 ............
845 3014 950 3100 gloria
971 3013 1062 3099 facti,

173 3118 266 3205 haec,
292 3116 438 3204 Quirine,
462 3123 534 3183 tuas
558 3170 932 3185 .............
973 3119 1118 3204 probabi.

199 3291 350 3362 Inscriptio
365 3291 469 3348 litteris
483 3292 594 3363 magnis
607 3311 659 3349 nec
674 3295 852 3365 elegantibus
867 3294 933 3349 albo
947 3294 1040 3350 colore
1054 3295 1139 3378 pictis

131 3364 245 3419 detecta
268 3367 422 3434 estsuper
444 3363 475 3417 in
499 3364 649 3434 ‘platonio’
674 3383 747 3435 quae
770 3370 888 3421 uocatur
910 3366 1071 3421 coemeterir
1091 3368 1140 3422 ‘ad

129 3435 324 3490 catacumbas’
341 3438 373 3505 (s.
389 3435 559 3506 Sebastiam)
577 3437 626 3492 uia
638 3438 741 3508 Appia,
759 3438 809 3493 ubi
824 3456 845 3493 s.
861 3436 1009 3504 Quirinum
1024 3439 1139 3508 ‘papam

128 3508 158 3559 et
175 3507 338 3577 martyrem'
358 3506 500 3576 sepultum
518 3507 605 3562 fuisse
623 3508 794 3579 topographi
812 3509 899 3564 medii
914 3508 978 3564 aeui
995 3512 1139 3564 testantur

127 3578 204 3646 apud
217 3578 348 3633 Rossium
361 3579 451 3634 Roma
470 3581 535 3636 sott.
550 3581 563 3634 I
576 3599 603 3649 p.
619 3586 747 3636 180.181.
779 3583 976 3637 tractauemnt
989 3580 1137 3636 Armellini
