2678 3920
179 200 221 263 62
469 200 607 254 DAMASI
625 199 895 254 EPIGRAMMATA

656 364 674 426 b

173 1876 323 1946 Descripsi.
361 1875 499 1928 memorat
517 1872 633 1927 Rossius
654 1873 728 1929 Bull.
748 1874 822 1929 erist.
844 1880 913 1929 1870
930 1894 957 1944 p.
980 1880 1030 1929 148
1049 1875 1094 1946 (of.
1115 1880 1184 1930 1884

242 2018 284 2071 De
297 1948 511 2086 psupplementis
541 2015 746 2083 desperandum
774 2019 824 2070 est.
860 2016 1021 2085 fragmenta
1049 2036 1067 2071 a
1089 2034 1104 2072 o
1127 2018 1146 2072 d
1169 2034 1182 2072 e

172 2090 291 2144 eandem
308 2087 468 2141 litterarum
486 2085 604 2139 formam
623 2085 787 2140 exhibentia
806 2087 932 2142 eiusdem
948 2087 1028 2142 tituli
1047 2087 1180 2141 uidentur

172 2176 232 2215 esse
255 2158 377 2227 metrici,
405 2157 436 2209 in
459 2175 472 2211 e
499 2156 591 2210 exitus
613 2157 840 2212 hexametrorum
863 2175 984 2229 agnosco
1013 2160 1182 2228 (prophetet)

172 2230 288 2285 Rossius
307 2229 390 2283 haeo:
412 2229 499 2282 ‘oerto
519 2229 534 2280 e
553 2227 677 2282 soltanto
696 2229 747 2283 ohe
766 2246 823 2283 una
837 2229 947 2284 almeno
967 2229 1041 2283 delle
1056 2230 1110 2284 due
1124 2229 1182 2298 epi-

173 2301 244 2372 grafi
263 2318 311 2355 era
329 2298 447 2353 metrica
466 2297 545 2353 edin
558 2298 633 2352 uersi
648 2300 787 2354 esametri.
819 2301 934 2355 Laonde
951 2302 966 2354 e
981 2304 1181 2355 sommamente

170 2372 332 2442 probabile,
356 2370 407 2424 ohe
426 2372 451 2423 si
468 2369 594 2439 prezioso
613 2369 732 2438 reliquie
755 2371 879 2439 spettino
903 2372 940 2425 ad
958 2390 997 2425 un
1017 2370 1181 2426 damasiano

171 2443 263 2514 elogio
283 2442 313 2496 di
332 2460 353 2498 s.
369 2441 532 2496 Clemente’.
565 2440 717 2510 fragmenti
735 2445 751 2497 b
768 2442 866 2511 paullo
884 2442 1048 2512 grandiores
1066 2442 1179 2497 litterae

171 2518 243 2569 sunt.
281 2513 339 2567 alia
357 2512 517 2581 fragmenta
539 2511 646 2566 ibidem
670 2513 782 2567 detecta
803 2513 906 2567 aetatis
926 2513 1081 2567 Sirioianae
1104 2513 1180 2567 idem

171 2584 306 2640 describit
323 2584 341 2639 l.
355 2601 378 2638 o.
392 2602 419 2652 p.
431 2589 481 2638 146
490 2600 549 2651 sqq.
569 2582 613 2652 (of.
627 2583 700 2639 Bull.
715 2583 790 2638 crist.
803 2590 871 2638 1867
885 2603 912 2653 p.
924 2590 965 2639 51.
977 2590 1010 2638 56
1029 2585 1100 2638 Mus.
1116 2584 1180 2637 Pio-

170 2657 231 2711 Lat.
245 2674 272 2725 p.
283 2661 316 2708 31
331 2655 390 2710 tab.
400 2655 434 2709 Π,
463 2654 560 2708 Roller
573 2654 626 2708 Les
641 2655 819 2709 eataoombes
834 2655 868 2710 de
883 2656 971 2709 Romo
985 2656 998 2709 Ι
1012 2656 1070 2709 tab.
1080 2654 1178 2708 XXXI.

169 2727 316 2780 Duohesne
331 2726 391 2780 Lib.
401 2724 501 2794 pontif.
516 2726 529 2778 I
542 2743 569 2794 p.
583 2729 651 2795 124).
679 2725 828 2780 basilicam
843 2725 994 2781 Clementis
1009 2725 1068 2780 iam
1081 2725 1178 2780 Hiero-

168 2816 268 2867 nymus
292 2799 491 2850 commemorat
513 2797 548 2850 de
571 2795 736 2852 uir.ill.15
759 2797 837 2851 hisee
856 2797 950 2851 uerbis
978 2799 1098 2852 nomimis
1120 2799 1179 2853 eius

169 2870 326 2925 memoriam
344 2885 427 2938 usqae
445 2869 523 2923 hodie
542 2868 645 2923 Romae
663 2875 788 2924 emrmoto
806 2870 916 2924 ecclesio
934 2870 1052 2923 eustodtt

652 3102 692 3165 61

214 3242 354 3326 Corpore
377 3247 483 3307 mente
507 3243 613 3306 auimo
636 3243 820 3326 pariterque
846 3247 878 3307 et
900 3244 1029 3307 nomine
1052 3242 1157 3328 Felix,

212 3353 396 3413 sanctorum
419 3351 454 3413 in
475 3371 608 3413 numero
634 3347 754 3413 Christi
777 3349 895 3413 sooiate
919 3349 1106 3433 triumphis,

213 3456 269 3538 qui
292 3455 332 3518 ad
354 3458 387 3518 te
410 3456 546 3520 sollicite
569 3455 773 3520 uenientibus
797 3456 905 3519 omnia
927 3459 1070 3539 praestas

211 3583 270 3626 neo
293 3584 486 3646 quemquam
508 3564 628 3647 pateris
651 3564 776 3627 tristem
798 3562 949 3646 repedare
972 3563 1128 3626 uiantem:

1332 1948 1335 2037 l
