2662 3922
483 708 835 856 1111111110

223 1016 271 1080 De
290 1015 419 1081 Damasi
443 1018 683 1103 epigrammatis
705 1017 905 1081 recensendis
923 1017 1164 1101 iudicandisque

155 1128 259 1189 nuper
279 1105 378 1170 uerba
401 1107 462 1170 feci
485 1106 589 1170 Musei
611 1105 758 1170 Rhenani
780 1107 844 1171 uol.
863 1106 890 1170 L
914 1103 1031 1194 (1895)
1053 1130 1084 1190 p.
1100 1108 1162 1172 191

157 1195 276 1278 -204,
300 1216 380 1277 quae
396 1194 450 1259 hic
469 1199 611 1279 repetere
629 1195 715 1279 nolo,
737 1196 925 1279 praesertim
945 1217 1018 1259 oum
1036 1196 1162 1279 plenius

156 1284 213 1347 illa
235 1283 445 1347 inlustrentur
468 1288 501 1348 et
519 1284 748 1349 confirmentur
767 1284 1027 1349 adnotationibus
1046 1284 1164 1367 quibus

156 1372 298 1435 carmina
320 1372 447 1458 singula
468 1373 616 1457 instruxi,
639 1373 858 1456 spectantibus
881 1374 947 1436 fere
966 1372 1006 1436 ad
1024 1395 1075 1436 res
1092 1373 1163 1456 phi-

154 1457 292 1547 lologasl,
315 1463 539 1547 grammaticas
561 1461 710 1525 metricas
732 1462 943 1545 prosodiacas.
972 1461 1162 1545 perfectiore

157 1553 264 1613 autem
302 1551 530 1615 commentario
568 1551 623 1614 alii
659 1554 812 1634 poterunt
844 1550 985 1614 carmina
1016 1571 1163 1614 enarrare

97 1664 101 1669 ·
158 1638 254 1723 digna
278 1660 358 1722 quae
383 1639 626 1724 diligentissime
649 1637 1164 1726 1101011111),1011100010111-

155 1727 308 1791 sticarum
339 1727 459 1791 iudices
490 1728 672 1811 peritiores,
708 1727 877 1813 theologos
914 1727 984 1790 dico
1017 1727 1094 1791 boni
1127 1749 1163 1790 ac

156 1816 284 1879 fecundi
307 1816 438 1880 seminis
462 1816 664 1899 antiquitatis
687 1815 793 1879 studia
820 1818 852 1880 et
875 1816 1076 1899 disciplinam
1098 1837 1163 1880 non

157 1905 376 1968 detrectantes.

223 1992 411 2077 Composuit
429 1993 539 2078 igitur,
556 1996 605 2079 ut
611 1993 826 2079 perstringam
843 1993 979 2079 potiora,
998 1993 1164 2077 Damasus,

156 2082 211 2164 qui
243 2083 443 2165 pontificiam
476 2082 665 2167 dignitatem
697 2083 802 2146 tenuit
833 2083 873 2146 ab
907 2104 990 2147 anno
1028 2084 1092 2148 366
1124 2081 1164 2145 ad

153 2168 273 2257 3842),
295 2172 419 2255 primus
441 2175 479 2234 ut
501 2171 630 2234 uidetur
653 2193 692 2235 ex
717 2170 907 2235 Christianis
933 2172 1164 2257 epigrammata

155 2259 295 2342 plurima
317 2260 352 2323 in
373 2259 483 2323 laudes
501 2259 669 2324 hominum
688 2265 880 2345 sanctorum,
902 2264 1082 2343 martyrum
1100 2282 1164 2323 ma-

154 2348 239 2412 xime
264 2348 463 2432 aliorumque
474 2345 514 2434 ³),
543 2370 623 2432 quae
646 2354 771 2432 partem
793 2351 967 2413 maximam
976 2346 1005 2435 4)
1027 2370 1164 2412 marmo-

153 2436 244 2500 ribus
266 2437 434 2501 incidenda
461 2438 587 2500 curauit
613 2460 690 2501 usus
714 2442 781 2502 arte
804 2437 894 2502 Furii
917 2437 1066 2520 Dionysii
1089 2435 1163 2499 Phi-

153 2525 249 2589 locali
273 2522 438 2612 egregias)
465 2525 581 2589 habuit
603 2530 710 2590 autem
732 2527 853 2610 alequas
875 2526 1068 2592 tartacitae
1085 2546 1164 2591 com-

228 2702 252 2767 1)
271 2698 354 2753 Rossi
372 2699 445 2753 Bull.
465 2699 541 2754 crist.
562 2705 736 2754 1884—1885
755 2718 782 2770 p.
798 2705 902 2768 24sqq.

227 2774 253 2838 2)
273 2770 307 2824 de
326 2769 388 2824 uita
406 2770 550 2840 gestisque
567 2771 614 2824 hic
632 2788 689 2824 non
708 2788 777 2840 opus
793 2773 836 2825 est
850 2771 957 2826 disseri.
990 2769 1163 2825 notabiliora

155 2841 399 2896 adumbrabantur
420 2840 591 2896 testimoniis
613 2841 688 2895 infra
710 2841 824 2912 positis,
851 2845 964 2912 praeter
983 2857 1055 2910 quae
1074 2839 1162 2903 adisis

153 2914 282 2966 auctores
301 2911 331 2965 in
349 2912 426 2966 calce
444 2911 628 2982 praefationis
648 2912 758 2971 citatos.

225 2986 251 3052 3)
270 2982 394 3052 elogium
411 2984 505 3037 henes
524 2983 626 3037 sororis
644 3002 671 3038 n.
688 2989 734 3052 10,
753 2983 899 3037 Proiectae
918 2982 1040 3037 feminae
1057 2980 1162 3036 nobilis

152 3072 179 3107 n.
195 3058 243 3122 53,
261 3053 378 3107 Damasi
396 3053 485 3123 ipsius
503 3072 529 3109 n.
546 3060 575 3122 93
594 3070 707 3108 carmen
726 3055 761 3108 de
779 3054 905 3108 fontibus
923 3050 1070 3107 Vaticanis
1088 3071 1115 3107 1,
1131 3057 1161 3121 43

152 3124 351 3195 inscriptiones
376 3124 490 3179 aedium
514 3142 657 3180 sacrarum
679 3144 706 3180 n.
722 3131 764 3179 ὁὸ.
780 3131 814 3179 57
820 3148 827 3193 3
854 3139 967 3178 carmen
990 3140 1045 3191 quo
1063 3127 1161 3179 uotum
1240 3170 1241 3173 ,

152 3194 240 3249 soluit
259 3213 280 3250 s.
299 3194 387 3249 Felici
405 3195 517 3250 Nolano
535 3203 619 3251 161.

223 3269 251 3336 4)
271 3265 476 3336 epigrammata
493 3284 551 3321 non
569 3266 713 3337 lapidibus
732 3265 876 3322 destinata
893 3283 920 3321 n.
938 3273 951 3320 1
972 3269 1040 3335 011,
1060 3265 1162 3334 quibus

152 3337 268 3391 tertium
287 3337 398 3391 accedit
417 3337 521 3392 dubiae
540 3337 658 3407 originis
676 3338 749 3392 13*
768 3341 804 3408 (u.
823 3337 917 3407 infra).

225 3411 251 3478 ὃ)
270 3408 426 3478 scripturae
444 3408 527 3462 huius
546 3408 759 3464 Philocalianae
782 3408 841 3477 uel,
865 3411 898 3462 ut
920 3407 972 3462 alii
989 3411 1161 3479 nuncupant,

151 3478 342 3534 Damasianae
365 3478 519 3549 specimina
541 3479 632 3534 multa
655 3480 752 3534 insunt
770 3479 801 3533 in
818 3478 899 3533 libris
917 3479 1011 3533 Rossii
1030 3480 1162 3534 aliorum-

151 3567 207 3618 que
225 3549 299 3604 infra
318 3550 422 3605 adlatis
442 3554 478 3621 (u.
494 3551 558 3605 adn.
574 3550 749 3621 singulorum
762 3549 937 3621 carminum),
955 3551 1016 3620 ipse
1035 3551 1162 3620 lapidum
