<?xml version="1.0" encoding="UTF-8"?>
<!DOCTYPE html PUBLIC "-//W3C//DTD XHTML 1.0 Transitional//EN"
    "http://www.w3.org/TR/xhtml1/DTD/xhtml1-transitional.dtd">
<html xmlns="http://www.w3.org/1999/xhtml" xml:lang="en" lang="en">
 <head>
  <title>
</title>
<meta http-equiv="Content-Type" content="text/html;charset=utf-8" />
  <meta name='ocr-system' content='tesseract 3.04.00' />
  <meta name='ocr-capabilities' content='ocr_page ocr_carea ocr_par ocr_line ocrx_word'/>
</head>
<body>
  <div class='ocr_page' id='page_1' title='image "./anthologialatin03lommgoog_0051.png"; bbox 0 0 2662 3922; ppageno 0'>
   <div class='ocr_carea' id='block_1_1' title="bbox 169 191 777 251">
    <p class='ocr_par' dir='ltr' id='par_1_1' title="bbox 169 191 777 251">
     <span class='ocr_line' id='line_1_1' title="bbox 169 191 777 251; baseline -0.008 0"><span class='ocrx_word' id='word_1_1' title='bbox 169 197 287 251; x_wconf 85' lang='lat' dir='ltr'>XXVIII</span> <span class='ocrx_word' id='word_1_2' title='bbox 569 191 777 247; x_wconf 81' lang='lat' dir='ltr'>PRAEFATIO</span> 
     </span>
    </p>
   </div>
   <div class='ocr_carea' id='block_1_2' title="bbox 139 353 1186 1778">
    <p class='ocr_par' dir='ltr' id='par_1_2' title="bbox 215 353 1184 690">
     <span class='ocr_line' id='line_1_2' title="bbox 215 353 1183 446; baseline -0.002 -23"><span class='ocrx_word' id='word_1_3' title='bbox 215 359 375 446; x_wconf 80' lang='lat' dir='ltr'>graphum</span> <span class='ocrx_word' id='word_1_4' title='bbox 407 357 507 422; x_wconf 86' lang='lat' dir='ltr'>debeo</span> <span class='ocrx_word' id='word_1_5' title='bbox 536 355 782 420; x_wconf 68' lang='lat' dir='ltr'>vbeneuolentiae</span> <span class='ocrx_word' id='word_1_6' title='bbox 809 353 946 420; x_wconf 84' lang='lat' dir='ltr'><strong>Antonii</strong></span> <span class='ocrx_word' id='word_1_7' title='bbox 978 353 1105 419; x_wconf 85' lang='lat' dir='ltr'>Ceriani</span> <span class='ocrx_word' id='word_1_8' title='bbox 1135 356 1183 421; x_wconf 93' lang='lat' dir='ltr'>bi-</span> 
     </span>
     <span class='ocr_line' id='line_1_3' title="bbox 215 444 1182 530; baseline -0.001 -18"><span class='ocrx_word' id='word_1_9' title='bbox 215 446 394 512; x_wconf 89' lang='lat' dir='ltr'>bliothecae</span> <span class='ocrx_word' id='word_1_10' title='bbox 421 445 653 510; x_wconf 87' lang='lat' dir='ltr'>Ambrosianae</span> <span class='ocrx_word' id='word_1_11' title='bbox 681 445 835 529; x_wconf 86' lang='lat' dir='ltr'>praefecti</span> <span class='ocrx_word' id='word_1_12' title='bbox 864 444 999 530; x_wconf 81' lang='lat' dir='ltr'>egregii,</span> <span class='ocrx_word' id='word_1_13' title='bbox 1032 446 1087 529; x_wconf 90' lang='lat' dir='ltr'>qui</span> <span class='ocrx_word' id='word_1_14' title='bbox 1116 468 1182 511; x_wconf 90' lang='lat' dir='ltr'>oar-</span> 
     </span>
     <span class='ocr_line' id='line_1_4' title="bbox 215 531 1184 621; baseline 0 -20"><span class='ocrx_word' id='word_1_15' title='bbox 215 558 290 601; x_wconf 91' lang='lat' dir='ltr'>men</span> <span class='ocrx_word' id='word_1_16' title='bbox 315 557 382 600; x_wconf 92' lang='lat' dir='ltr'>non</span> <span class='ocrx_word' id='word_1_17' title='bbox 408 535 513 619; x_wconf 88' lang='lat' dir='ltr'>prima</span> <span class='ocrx_word' id='word_1_18' title='bbox 540 556 637 599; x_wconf 88' lang='lat' dir='ltr'>manu</span> <span class='ocrx_word' id='word_1_19' title='bbox 663 531 757 621; x_wconf 89' lang='lat' dir='ltr'>(saec.</span> <span class='ocrx_word' id='word_1_20' title='bbox 780 531 972 620; x_wconf 81' lang='lat' dir='ltr'>VI-vll),</span> <span class='ocrx_word' id='word_1_21' title='bbox 1004 535 1059 599; x_wconf 89' lang='lat' dir='ltr'>sed</span> <span class='ocrx_word' id='word_1_22' title='bbox 1083 536 1184 601; x_wconf 87' lang='lat' dir='ltr'>altera</span> 
     </span>
     <span class='ocr_line' id='line_1_5' title="bbox 216 622 949 690; baseline -0.004 0"><span class='ocrx_word' id='word_1_23' title='bbox 216 647 295 690; x_wconf 89' lang='lat' dir='ltr'>saec.</span> <span class='ocrx_word' id='word_1_24' title='bbox 318 623 366 689; x_wconf 91' lang='lat' dir='ltr'>IX</span> <span class='ocrx_word' id='word_1_25' title='bbox 388 624 442 688; x_wconf 93' lang='lat' dir='ltr'>uel</span> <span class='ocrx_word' id='word_1_26' title='bbox 463 624 495 688; x_wconf 86' lang='lat' dir='ltr'>X</span> <span class='ocrx_word' id='word_1_27' title='bbox 517 624 678 687; x_wconf 88' lang='lat' dir='ltr'>adiectum</span> <span class='ocrx_word' id='word_1_28' title='bbox 701 644 768 687; x_wconf 90' lang='lat' dir='ltr'>esse</span> <span class='ocrx_word' id='word_1_29' title='bbox 792 622 949 687; x_wconf 87' lang='lat' dir='ltr'>adfirmat.</span> 
     </span>
    </p>

    <p class='ocr_par' dir='ltr' id='par_1_3' title="bbox 140 710 1185 887">
     <span class='ocr_line' id='line_1_6' title="bbox 140 710 1185 799; baseline 0.004 -22"><span class='ocrx_word' id='word_1_30' title='bbox 140 731 170 787; x_wconf 63' lang='lat'>⁸1</span> <span class='ocrx_word' id='word_1_31' title='bbox 284 711 315 777; x_wconf 71' lang='lat' dir='ltr'>sl</span> <span class='ocrx_word' id='word_1_32' title='bbox 329 744 372 766; x_wconf 93' lang='lat'>=</span> <span class='ocrx_word' id='word_1_33' title='bbox 387 712 454 777; x_wconf 89' lang='lat' dir='ltr'>cod.</span> <span class='ocrx_word' id='word_1_34' title='bbox 470 711 609 799; x_wconf 84' lang='lat' dir='ltr'>Sangall.</span> <span class='ocrx_word' id='word_1_35' title='bbox 621 711 686 776; x_wconf 85' lang='lat'>135</span> <span class='ocrx_word' id='word_1_36' title='bbox 704 712 824 775; x_wconf 81' lang='lat' dir='ltr'>caeaX</span> <span class='ocrx_word' id='word_1_37' title='bbox 837 732 946 777; x_wconf 77' lang='lat' dir='ltr'>narsen</span> <span class='ocrx_word' id='word_1_38' title='bbox 962 710 1185 782; x_wconf 72' lang='lat' dir='ltr'>Ontstantinae</span> 
     </span>
     <span class='ocr_line' id='line_1_7' title="bbox 218 800 1183 887; baseline -0.003 -17"><span class='ocrx_word' id='word_1_39' title='bbox 218 803 415 870; x_wconf 76' lang='lat' dir='ltr'>Constantini</span> <span class='ocrx_word' id='word_1_40' title='bbox 437 803 527 884; x_wconf 68' lang='lat' dir='ltr'>*filiae</span> <span class='ocrx_word' id='word_1_41' title='bbox 548 802 656 883; x_wconf 72' lang='lat' dir='ltr'>scripti</span> <span class='ocrx_word' id='word_1_42' title='bbox 683 802 719 865; x_wconf 82' lang='lat' dir='ltr'>in</span> <span class='ocrx_word' id='word_1_43' title='bbox 742 800 866 865; x_wconf 65' lang='lat' dir='ltr'>coelem</span> <span class='ocrx_word' id='word_1_44' title='bbox 885 801 1018 883; x_wconf 69' lang='lat' dir='ltr'>Apnetcs</span> <span class='ocrx_word' id='word_1_45' title='bbox 1039 805 1183 887; x_wconf 70' lang='lat' dir='ltr'>uirginis.</span> 
     </span>
    </p>

    <p class='ocr_par' dir='ltr' id='par_1_4' title="bbox 142 889 1186 1241">
     <span class='ocr_line' id='line_1_8' title="bbox 142 889 1183 976; baseline 0.004 -22"><span class='ocrx_word' id='word_1_46' title='bbox 142 906 172 964; x_wconf 62' lang='grc' dir='ltr'>ς’</span> <span class='ocrx_word' id='word_1_47' title='bbox 284 889 315 954; x_wconf 71' lang='lat'>⁸2</span> <span class='ocrx_word' id='word_1_48' title='bbox 334 922 377 944; x_wconf 86' lang='lat'>=</span> <span class='ocrx_word' id='word_1_49' title='bbox 397 890 464 955; x_wconf 89' lang='lat' dir='ltr'>cod.</span> <span class='ocrx_word' id='word_1_50' title='bbox 484 890 623 976; x_wconf 83' lang='lat' dir='ltr'>Sangall.</span> <span class='ocrx_word' id='word_1_51' title='bbox 644 890 708 954; x_wconf 86' lang='grc'>136</span> <span class='ocrx_word' id='word_1_52' title='bbox 731 910 811 953; x_wconf 83' lang='grc'><strong>6666.</strong></span> <span class='ocrx_word' id='word_1_53' title='bbox 827 889 950 954; x_wconf 88' lang='lat' dir='ltr'>X-XI</span> <span class='ocrx_word' id='word_1_54' title='bbox 971 912 1080 957; x_wconf 75' lang='lat' dir='ltr'>anans</span> <span class='ocrx_word' id='word_1_55' title='bbox 1105 892 1183 958; x_wconf 82' lang='lat' dir='ltr'>Con-</span> 
     </span>
     <span class='ocr_line' id='line_1_9' title="bbox 217 978 1186 1061; baseline 0.001 -15"><span class='ocrx_word' id='word_1_56' title='bbox 217 981 352 1046; x_wconf 81' lang='lat' dir='ltr'>stantine</span> <span class='ocrx_word' id='word_1_57' title='bbox 386 978 584 1044; x_wconf 73' lang='lat' dir='ltr'><em>Constantini</em></span> <span class='ocrx_word' id='word_1_58' title='bbox 614 978 679 1061; x_wconf 73' lang='lat' dir='ltr'>filie</span> <span class='ocrx_word' id='word_1_59' title='bbox 713 980 822 1060; x_wconf 72' lang='lat' dir='ltr'>serapti</span> <span class='ocrx_word' id='word_1_60' title='bbox 852 980 889 1043; x_wconf 83' lang='lat' dir='ltr'>in</span> <span class='ocrx_word' id='word_1_61' title='bbox 920 980 1030 1045; x_wconf 63' lang='lat' dir='ltr'>weida</span> <span class='ocrx_word' id='word_1_62' title='bbox 1061 982 1186 1047; x_wconf 81' lang='lat' dir='ltr'>basilice</span> 
     </span>
     <span class='ocr_line' id='line_1_10' title="bbox 216 1068 1186 1155; baseline 0.001 -21"><span class='ocrx_word' id='word_1_63' title='bbox 216 1089 311 1152; x_wconf 77' lang='lat' dir='ltr'>qnam</span> <span class='ocrx_word' id='word_1_64' title='bbox 343 1069 480 1134; x_wconf 74' lang='lat' dir='ltr'>condidit</span> <span class='ocrx_word' id='word_1_65' title='bbox 509 1070 545 1133; x_wconf 81' lang='lat' dir='ltr'>c&#39;n</span> <span class='ocrx_word' id='word_1_66' title='bbox 575 1069 688 1133; x_wconf 82' lang='lat' dir='ltr'>bonore</span> <span class='ocrx_word' id='word_1_67' title='bbox 717 1073 822 1132; x_wconf 80' lang='lat' dir='ltr'>saneto</span> <span class='ocrx_word' id='word_1_68' title='bbox 852 1068 966 1152; x_wconf 69' lang='lat' dir='ltr'>Aunes.</span> <span class='ocrx_word' id='word_1_69' title='bbox 1010 1072 1186 1155; x_wconf 87' lang='lat' dir='ltr'>utrumque</span> 
     </span>
     <span class='ocr_line' id='line_1_11' title="bbox 217 1155 766 1241; baseline -0.002 -19"><span class='ocrx_word' id='word_1_70' title='bbox 217 1157 298 1222; x_wconf 89' lang='lat' dir='ltr'>mihi</span> <span class='ocrx_word' id='word_1_71' title='bbox 321 1158 458 1222; x_wconf 91' lang='lat' dir='ltr'>contulit</span> <span class='ocrx_word' id='word_1_72' title='bbox 480 1155 649 1241; x_wconf 86' lang='lat' dir='ltr'>Adolphus</span> <span class='ocrx_word' id='word_1_73' title='bbox 671 1155 766 1221; x_wconf 90' lang='lat' dir='ltr'>Faeh.</span> 
     </span>
    </p>

    <p class='ocr_par' dir='ltr' id='par_1_5' title="bbox 154 1243 1184 1420">
     <span class='ocr_line' id='line_1_12' title="bbox 154 1243 1184 1319; baseline 0.002 -8"><span class='ocrx_word' id='word_1_74' title='bbox 154 1278 174 1319; x_wconf 77' lang='lat' dir='ltr'>v</span> <span class='ocrx_word' id='word_1_75' title='bbox 284 1265 307 1311; x_wconf 84' lang='lat' dir='ltr'>v</span> <span class='ocrx_word' id='word_1_76' title='bbox 320 1278 363 1300; x_wconf 93' lang='lat'>=</span> <span class='ocrx_word' id='word_1_77' title='bbox 378 1246 591 1311; x_wconf 86' lang='lat' dir='ltr'>cod.Vind0b.</span> <span class='ocrx_word' id='word_1_78' title='bbox 605 1245 671 1310; x_wconf 82' lang='lat'>445</span> <span class='ocrx_word' id='word_1_79' title='bbox 690 1267 770 1309; x_wconf 89' lang='lat' dir='ltr'>saec.</span> <span class='ocrx_word' id='word_1_80' title='bbox 783 1243 847 1309; x_wconf 88' lang='lat' dir='ltr'>XII</span> <span class='ocrx_word' id='word_1_81' title='bbox 869 1244 965 1310; x_wconf 66' lang='lat' dir='ltr'>teob</span> <span class='ocrx_word' id='word_1_82' title='bbox 988 1268 1062 1311; x_wconf 91' lang='lat' dir='ltr'>cum</span> <span class='ocrx_word' id='word_1_83' title='bbox 1085 1249 1184 1313; x_wconf 85' lang='lat' dir='ltr'>simili</span> 
     </span>
     <span class='ocr_line' id='line_1_13' title="bbox 217 1334 1140 1420; baseline 0.001 -20"><span class='ocrx_word' id='word_1_84' title='bbox 217 1335 434 1420; x_wconf 81' lang='lat' dir='ltr'>inscriptione.</span> <span class='ocrx_word' id='word_1_85' title='bbox 467 1358 538 1400; x_wconf 89' lang='lat' dir='ltr'>mea</span> <span class='ocrx_word' id='word_1_86' title='bbox 561 1357 656 1398; x_wconf 87' lang='lat' dir='ltr'>causa</span> <span class='ocrx_word' id='word_1_87' title='bbox 678 1335 818 1419; x_wconf 83' lang='lat' dir='ltr'>inspexit</span> <span class='ocrx_word' id='word_1_88' title='bbox 840 1334 1032 1419; x_wconf 87' lang='lat' dir='ltr'>Rudolphus</span> <span class='ocrx_word' id='word_1_89' title='bbox 1049 1336 1140 1402; x_wconf 90' lang='lat' dir='ltr'>Beer.</span> 
     </span>
    </p>

    <p class='ocr_par' dir='ltr' id='par_1_6' title="bbox 140 1423 993 1510">
     <span class='ocr_line' id='line_1_14' title="bbox 140 1423 993 1510; baseline -0.004 -20"><span class='ocrx_word' id='word_1_90' title='bbox 140 1442 175 1510; x_wconf 76' lang='lat' dir='ltr'>p¹</span> <span class='ocrx_word' id='word_1_91' title='bbox 286 1424 324 1506; x_wconf 85' lang='lat' dir='ltr'>p1</span> <span class='ocrx_word' id='word_1_92' title='bbox 346 1456 389 1478; x_wconf 87' lang='lat'>=</span> <span class='ocrx_word' id='word_1_93' title='bbox 413 1424 480 1489; x_wconf 73' lang='lat' dir='ltr'>coa</span> <span class='ocrx_word' id='word_1_94' title='bbox 499 1424 603 1489; x_wconf 85' lang='lat' dir='ltr'>Vatia.</span> <span class='ocrx_word' id='word_1_95' title='bbox 627 1424 716 1488; x_wconf 86' lang='grc'><strong>3860</strong></span> <span class='ocrx_word' id='word_1_96' title='bbox 739 1445 817 1487; x_wconf 88' lang='lat' dir='ltr'>saec.</span> <span class='ocrx_word' id='word_1_97' title='bbox 840 1423 887 1488; x_wconf 90' lang='lat' dir='ltr'>XI</span> <span class='ocrx_word' id='word_1_98' title='bbox 909 1425 930 1488; x_wconf 88' lang='lat' dir='ltr'>f.</span> <span class='ocrx_word' id='word_1_99' title='bbox 950 1424 993 1487; x_wconf 82' lang='lat'>33</span> 
     </span>
    </p>

    <p class='ocr_par' dir='ltr' id='par_1_7' title="bbox 139 1510 1185 1778">
     <span class='ocr_line' id='line_1_15' title="bbox 139 1510 1185 1600; baseline 0.004 -23"><span class='ocrx_word' id='word_1_100' title='bbox 139 1530 175 1600; x_wconf 67' lang='grc' dir='ltr'>ρ’</span> <span class='ocrx_word' id='word_1_101' title='bbox 285 1512 323 1595; x_wconf 76' lang='lat' dir='ltr'>p²</span> <span class='ocrx_word' id='word_1_102' title='bbox 346 1545 388 1567; x_wconf 89' lang='lat'>=</span> <span class='ocrx_word' id='word_1_103' title='bbox 412 1514 480 1578; x_wconf 84' lang='lat' dir='ltr'>cod.</span> <span class='ocrx_word' id='word_1_104' title='bbox 498 1512 602 1577; x_wconf 86' lang='lat' dir='ltr'>Vatic.</span> <span class='ocrx_word' id='word_1_105' title='bbox 626 1512 711 1576; x_wconf 86' lang='lat'>5821</span> <span class='ocrx_word' id='word_1_106' title='bbox 737 1534 816 1577; x_wconf 89' lang='lat' dir='ltr'>saec.</span> <span class='ocrx_word' id='word_1_107' title='bbox 839 1513 870 1576; x_wconf 92' lang='lat' dir='ltr'>X</span> <span class='ocrx_word' id='word_1_108' title='bbox 896 1513 918 1577; x_wconf 82' lang='lat' dir='ltr'>f.</span> <span class='ocrx_word' id='word_1_109' title='bbox 938 1510 998 1577; x_wconf 83' lang='lat'>24‘.</span> <span class='ocrx_word' id='word_1_110' title='bbox 1043 1515 1185 1599; x_wconf 84' lang='lat' dir='ltr'>priorem</span> 
     </span>
     <span class='ocr_line' id='line_1_16' title="bbox 218 1600 1185 1671; baseline 0.004 -4"><span class='ocrx_word' id='word_1_111' title='bbox 218 1601 412 1667; x_wconf 77' lang='lat' dir='ltr'>Vaticanum</span> <span class='ocrx_word' id='word_1_112' title='bbox 435 1601 608 1666; x_wconf 85' lang='lat' dir='ltr'>Faustinus</span> <span class='ocrx_word' id='word_1_113' title='bbox 621 1600 781 1666; x_wconf 81' lang='lat' dir='ltr'>Areualus</span> <span class='ocrx_word' id='word_1_114' title='bbox 804 1605 836 1666; x_wconf 86' lang='lat' dir='ltr'>et</span> <span class='ocrx_word' id='word_1_115' title='bbox 859 1602 1010 1667; x_wconf 82' lang='lat' dir='ltr'>Merenda</span> <span class='ocrx_word' id='word_1_116' title='bbox 1033 1605 1185 1671; x_wconf 90' lang='lat' dir='ltr'>adbibue-</span> 
     </span>
     <span class='ocr_line' id='line_1_17' title="bbox 217 1691 705 1778; baseline -0.004 -22"><span class='ocrx_word' id='word_1_117' title='bbox 217 1695 303 1778; x_wconf 83' lang='lat' dir='ltr'>runt,</span> <span class='ocrx_word' id='word_1_118' title='bbox 325 1695 500 1776; x_wconf 89' lang='lat' dir='ltr'>utrumque</span> <span class='ocrx_word' id='word_1_119' title='bbox 523 1691 705 1778; x_wconf 84' lang='lat' dir='ltr'>recognoui.</span> 
     </span>
    </p>
   </div>
   <div class='ocr_carea' id='block_1_3' title="bbox 173 1796 1188 3037">
    <p class='ocr_par' dir='ltr' id='par_1_8' title="bbox 173 1796 1185 2151">
     <span class='ocr_line' id='line_1_18' title="bbox 174 1796 1185 1882; baseline -0.004 -21"><span class='ocrx_word' id='word_1_120' title='bbox 174 1799 329 1862; x_wconf 88' lang='lat' dir='ltr'>accedunt</span> <span class='ocrx_word' id='word_1_121' title='bbox 352 1798 498 1882; x_wconf 84' lang='lat' dir='ltr'>exempla</span> <span class='ocrx_word' id='word_1_122' title='bbox 519 1796 747 1862; x_wconf 80' lang='lat' dir='ltr'>Fabricianum</span> <span class='ocrx_word' id='word_1_123' title='bbox 770 1800 802 1862; x_wconf 92' lang='lat' dir='ltr'>et</span> <span class='ocrx_word' id='word_1_124' title='bbox 826 1796 1067 1879; x_wconf 80' lang='lat' dir='ltr'>Grutcrianum,</span> <span class='ocrx_word' id='word_1_125' title='bbox 1095 1816 1185 1878; x_wconf 90' lang='lat' dir='ltr'>prae-</span> 
     </span>
     <span class='ocr_line' id='line_1_19' title="bbox 174 1882 1184 1975; baseline -0.002 -26"><span class='ocrx_word' id='word_1_126' title='bbox 174 1890 261 1950; x_wconf 90' lang='lat' dir='ltr'>terea</span> <span class='ocrx_word' id='word_1_127' title='bbox 283 1885 387 1951; x_wconf 86' lang='lat' dir='ltr'>Isonis</span> <span class='ocrx_word' id='word_1_128' title='bbox 409 1887 558 1973; x_wconf 82' lang='lat' dir='ltr'>magistri</span> <span class='ocrx_word' id='word_1_129' title='bbox 574 1882 675 1972; x_wconf 68' lang='lat' dir='ltr'>(saec.</span> <span class='ocrx_word' id='word_1_130' title='bbox 689 1885 751 1975; x_wconf 88' lang='lat' dir='ltr'>IX)</span> <span class='ocrx_word' id='word_1_131' title='bbox 775 1887 899 1972; x_wconf 84' lang='lat' dir='ltr'>glossae</span> <span class='ocrx_word' id='word_1_132' title='bbox 920 1887 954 1950; x_wconf 92' lang='lat' dir='ltr'>in</span> <span class='ocrx_word' id='word_1_133' title='bbox 971 1885 1184 1950; x_wconf 90' lang='lat' dir='ltr'>Prudentium</span> 
     </span>
     <span class='ocr_line' id='line_1_20' title="bbox 176 1972 1185 2060; baseline -0.002 -22"><span class='ocrx_word' id='word_1_134' title='bbox 176 1972 208 2060; x_wconf 89' lang='lat' dir='ltr'>(e</span> <span class='ocrx_word' id='word_1_135' title='bbox 236 1976 344 2040; x_wconf 91' lang='lat' dir='ltr'>codice</span> <span class='ocrx_word' id='word_1_136' title='bbox 366 1974 533 2039; x_wconf 89' lang='lat' dir='ltr'>Widmani</span> <span class='ocrx_word' id='word_1_137' title='bbox 560 1976 664 2040; x_wconf 89' lang='lat' dir='ltr'>editae</span> <span class='ocrx_word' id='word_1_138' title='bbox 691 1976 725 2040; x_wconf 92' lang='lat' dir='ltr'>in</span> <span class='ocrx_word' id='word_1_139' title='bbox 752 1973 821 2040; x_wconf 92' lang='lat' dir='ltr'>Iob.</span> <span class='ocrx_word' id='word_1_140' title='bbox 843 1975 976 2040; x_wconf 84' lang='lat' dir='ltr'>Weitzii</span> <span class='ocrx_word' id='word_1_141' title='bbox 1003 1973 1122 2039; x_wconf 80' lang='lat' dir='ltr'>Adnot.</span> <span class='ocrx_word' id='word_1_142' title='bbox 1150 1974 1185 2037; x_wconf 92' lang='lat' dir='ltr'>in</span> 
     </span>
     <span class='ocr_line' id='line_1_21' title="bbox 173 2062 524 2151; baseline 0.003 -24"><span class='ocrx_word' id='word_1_143' title='bbox 173 2062 341 2127; x_wconf 89' lang='lat' dir='ltr'>Prudentii</span> <span class='ocrx_word' id='word_1_144' title='bbox 364 2084 461 2147; x_wconf 93' lang='lat' dir='ltr'>opera</span> <span class='ocrx_word' id='word_1_145' title='bbox 471 2062 524 2151; x_wconf 79' lang='lat'>¹)).</span> 
     </span>
    </p>

    <p class='ocr_par' dir='ltr' id='par_1_9' title="bbox 174 2150 1188 3037">
     <span class='ocr_line' id='line_1_22' title="bbox 243 2150 1185 2236; baseline -0.002 -20"><span class='ocrx_word' id='word_1_146' title='bbox 243 2151 367 2229; x_wconf 84' lang='lat' dir='ltr'>Quibus</span> <span class='ocrx_word' id='word_1_147' title='bbox 390 2153 544 2236; x_wconf 85' lang='lat' dir='ltr'>expositis</span> <span class='ocrx_word' id='word_1_148' title='bbox 566 2152 659 2217; x_wconf 91' lang='lat' dir='ltr'>breui</span> <span class='ocrx_word' id='word_1_149' title='bbox 682 2153 716 2217; x_wconf 93' lang='lat' dir='ltr'>in</span> <span class='ocrx_word' id='word_1_150' title='bbox 735 2156 907 2236; x_wconf 85' lang='lat' dir='ltr'>conspectu</span> <span class='ocrx_word' id='word_1_151' title='bbox 924 2174 1103 2236; x_wconf 89' lang='lat' dir='ltr'>proponam</span> <span class='ocrx_word' id='word_1_152' title='bbox 1121 2150 1185 2214; x_wconf 87' lang='lat' dir='ltr'>edi-</span> 
     </span>
     <span class='ocr_line' id='line_1_23' title="bbox 175 2239 1185 2329; baseline -0.003 -24"><span class='ocrx_word' id='word_1_153' title='bbox 175 2241 281 2305; x_wconf 85' lang='lat' dir='ltr'>tiones</span> <span class='ocrx_word' id='word_1_154' title='bbox 304 2241 482 2305; x_wconf 89' lang='lat' dir='ltr'>carminum</span> <span class='ocrx_word' id='word_1_155' title='bbox 505 2239 674 2329; x_wconf 78' lang='lat' dir='ltr'>Damasi.²)</span> <span class='ocrx_word' id='word_1_156' title='bbox 715 2242 854 2326; x_wconf 89' lang='lat' dir='ltr'>primam</span> <span class='ocrx_word' id='word_1_157' title='bbox 878 2242 1004 2306; x_wconf 90' lang='lat' dir='ltr'>curauit</span> <span class='ocrx_word' id='word_1_158' title='bbox 1027 2239 1185 2326; x_wconf 82' lang='lat' dir='ltr'>Georgius</span> 
     </span>
     <span class='ocr_line' id='line_1_24' title="bbox 174 2328 1186 2412; baseline -0.002 -19"><span class='ocrx_word' id='word_1_159' title='bbox 174 2328 378 2395; x_wconf 83' lang='lat' dir='ltr'>Fabricius</span> <span class='ocrx_word' id='word_1_160' title='bbox 401 2328 590 2395; x_wconf 73' lang='lat' dir='ltr'>‘Poetarum</span> <span class='ocrx_word' id='word_1_161' title='bbox 612 2335 759 2394; x_wconf 87' lang='lat' dir='ltr'>ueterum</span> <span class='ocrx_word' id='word_1_162' title='bbox 782 2330 1070 2395; x_wconf 85' lang='lat' dir='ltr'>ecclesiasticorum</span> <span class='ocrx_word' id='word_1_163' title='bbox 1089 2350 1186 2412; x_wconf 91' lang='lat' dir='ltr'>opera</span> 
     </span>
     <span class='ocr_line' id='line_1_25' title="bbox 176 2416 1185 2505; baseline -0.003 -22"><span class='ocrx_word' id='word_1_164' title='bbox 176 2419 351 2484; x_wconf 88' lang='lat' dir='ltr'>christiana</span> <span class='ocrx_word' id='word_1_165' title='bbox 373 2423 406 2483; x_wconf 89' lang='lat' dir='ltr'>et</span> <span class='ocrx_word' id='word_1_166' title='bbox 429 2439 563 2502; x_wconf 91' lang='lat' dir='ltr'>operum</span> <span class='ocrx_word' id='word_1_167' title='bbox 585 2419 740 2504; x_wconf 89' lang='lat' dir='ltr'>reliquiae</span> <span class='ocrx_word' id='word_1_168' title='bbox 763 2423 859 2503; x_wconf 84' lang='lat' dir='ltr'>atque</span> <span class='ocrx_word' id='word_1_169' title='bbox 877 2416 1074 2505; x_wconf 83' lang='lat' dir='ltr'>fragmenta&#39;</span> <span class='ocrx_word' id='word_1_170' title='bbox 1096 2417 1185 2482; x_wconf 89' lang='lat' dir='ltr'>Basi-</span> 
     </span>
     <span class='ocr_line' id='line_1_26' title="bbox 175 2504 1185 2595; baseline -0.003 -24"><span class='ocrx_word' id='word_1_171' title='bbox 175 2508 242 2572; x_wconf 89' lang='lat' dir='ltr'>lcae</span> <span class='ocrx_word' id='word_1_172' title='bbox 265 2508 395 2573; x_wconf 75' lang='grc'><strong>61562</strong></span> <span class='ocrx_word' id='word_1_173' title='bbox 419 2504 503 2594; x_wconf 77' lang='lat' dir='ltr'>(‘per</span> <span class='ocrx_word' id='word_1_174' title='bbox 525 2505 701 2572; x_wconf 89' lang='lat' dir='ltr'>Iohannem</span> <span class='ocrx_word' id='word_1_175' title='bbox 724 2506 935 2595; x_wconf 89' lang='lat' dir='ltr'>Oporinum&#39;)</span> <span class='ocrx_word' id='word_1_176' title='bbox 958 2531 989 2592; x_wconf 91' lang='lat' dir='ltr'>p.</span> <span class='ocrx_word' id='word_1_177' title='bbox 1009 2506 1185 2571; x_wconf 78' lang='lat'><strong>771-774</strong></span> 
     </span>
     <span class='ocr_line' id='line_1_27' title="bbox 176 2594 1185 2685; baseline -0.002 -25"><span class='ocrx_word' id='word_1_178' title='bbox 176 2596 324 2661; x_wconf 73' lang='lat' dir='ltr'>‘Damasi</span> <span class='ocrx_word' id='word_1_179' title='bbox 352 2596 493 2681; x_wconf 90' lang='lat' dir='ltr'>episcopi</span> <span class='ocrx_word' id='word_1_180' title='bbox 521 2596 660 2662; x_wconf 88' lang='lat' dir='ltr'>Romani</span> <span class='ocrx_word' id='word_1_181' title='bbox 689 2594 851 2685; x_wconf 72' lang='lat' dir='ltr'>elogia’.³)</span> <span class='ocrx_word' id='word_1_182' title='bbox 897 2597 952 2661; x_wconf 89' lang='lat' dir='ltr'>sed</span> <span class='ocrx_word' id='word_1_183' title='bbox 975 2619 1014 2661; x_wconf 84' lang='lat' dir='ltr'>ex</span> <span class='ocrx_word' id='word_1_184' title='bbox 1037 2594 1185 2661; x_wconf 86' lang='lat' dir='ltr'>undecim</span> 
     </span>
     <span class='ocr_line' id='line_1_28' title="bbox 176 2682 1186 2773; baseline -0.001 -25"><span class='ocrx_word' id='word_1_185' title='bbox 176 2707 257 2769; x_wconf 90' lang='lat' dir='ltr'>quae</span> <span class='ocrx_word' id='word_1_186' title='bbox 280 2685 412 2750; x_wconf 84' lang='lat' dir='ltr'>exhibet</span> <span class='ocrx_word' id='word_1_187' title='bbox 433 2686 497 2749; x_wconf 89' lang='lat' dir='ltr'>tria</span> <span class='ocrx_word' id='word_1_188' title='bbox 518 2686 741 2751; x_wconf 88' lang='lat' dir='ltr'>tantummodo</span> <span class='ocrx_word' id='word_1_189' title='bbox 764 2688 904 2773; x_wconf 87' lang='lat' dir='ltr'>genuina</span> <span class='ocrx_word' id='word_1_190' title='bbox 921 2689 998 2750; x_wconf 88' lang='lat' dir='ltr'>sunt</span> <span class='ocrx_word' id='word_1_191' title='bbox 1016 2682 1069 2772; x_wconf 85' lang='lat' dir='ltr'>(de</span> <span class='ocrx_word' id='word_1_192' title='bbox 1082 2683 1186 2748; x_wconf 90' lang='lat' dir='ltr'>Paulo</span> 
     </span>
     <span class='ocr_line' id='line_1_29' title="bbox 175 2770 1184 2860; baseline 0 -23"><span class='ocrx_word' id='word_1_193' title='bbox 175 2796 205 2837; x_wconf 91' lang='lat' dir='ltr'>n.</span> <span class='ocrx_word' id='word_1_194' title='bbox 225 2775 259 2859; x_wconf 80' lang='lat'>2,</span> <span class='ocrx_word' id='word_1_195' title='bbox 297 2775 335 2838; x_wconf 90' lang='lat' dir='ltr'>de</span> <span class='ocrx_word' id='word_1_196' title='bbox 366 2773 492 2860; x_wconf 77' lang='lat' dir='ltr'>Agncte</span> <span class='ocrx_word' id='word_1_197' title='bbox 523 2796 554 2839; x_wconf 92' lang='lat' dir='ltr'>n.</span> <span class='ocrx_word' id='word_1_198' title='bbox 573 2774 630 2859; x_wconf 84' lang='lat'>40,</span> <span class='ocrx_word' id='word_1_199' title='bbox 667 2776 704 2839; x_wconf 93' lang='lat' dir='ltr'>de</span> <span class='ocrx_word' id='word_1_200' title='bbox 736 2774 842 2839; x_wconf 89' lang='lat' dir='ltr'>Felice</span> <span class='ocrx_word' id='word_1_201' title='bbox 873 2774 1001 2841; x_wconf 87' lang='lat' dir='ltr'>Nolano</span> <span class='ocrx_word' id='word_1_202' title='bbox 1032 2796 1063 2838; x_wconf 93' lang='lat' dir='ltr'>n.</span> <span class='ocrx_word' id='word_1_203' title='bbox 1083 2770 1184 2860; x_wconf 91' lang='grc'><strong>61).)</strong></span> 
     </span>
     <span class='ocr_line' id='line_1_30' title="bbox 176 2862 1186 2949; baseline -0.003 -22"><span class='ocrx_word' id='word_1_204' title='bbox 176 2863 332 2927; x_wconf 89' lang='lat' dir='ltr'>maiorem</span> <span class='ocrx_word' id='word_1_205' title='bbox 353 2884 523 2928; x_wconf 90' lang='lat' dir='ltr'>numerum</span> <span class='ocrx_word' id='word_1_206' title='bbox 547 2862 777 2928; x_wconf 83' lang='lat' dir='ltr'>Sarazanius</span> <span class='ocrx_word' id='word_1_207' title='bbox 805 2864 966 2949; x_wconf 88' lang='lat' dir='ltr'>congessit</span> <span class='ocrx_word' id='word_1_208' title='bbox 989 2864 1023 2927; x_wconf 93' lang='lat' dir='ltr'>in</span> <span class='ocrx_word' id='word_1_209' title='bbox 1046 2863 1186 2927; x_wconf 78' lang='lat' dir='ltr'>edItione</span> 
     </span>
     <span class='ocr_line' id='line_1_31' title="bbox 175 2950 1188 3037; baseline -0.001 -22"><span class='ocrx_word' id='word_1_210' title='bbox 175 2952 228 3015; x_wconf 88' lang='lat' dir='ltr'>cui</span> <span class='ocrx_word' id='word_1_211' title='bbox 250 2952 438 3016; x_wconf 87' lang='lat' dir='ltr'>inscribitur</span> <span class='ocrx_word' id='word_1_212' title='bbox 457 2950 504 3017; x_wconf 67' lang='grc' dir='ltr'>Ἣ.</span> <span class='ocrx_word' id='word_1_213' title='bbox 518 2951 650 3017; x_wconf 86' lang='lat' dir='ltr'>Damasi</span> <span class='ocrx_word' id='word_1_214' title='bbox 671 2975 773 3037; x_wconf 88' lang='lat' dir='ltr'>papae</span> <span class='ocrx_word' id='word_1_215' title='bbox 796 2973 892 3036; x_wconf 91' lang='lat' dir='ltr'>opera</span> <span class='ocrx_word' id='word_1_216' title='bbox 916 2973 997 3036; x_wconf 86' lang='lat' dir='ltr'>quae</span> <span class='ocrx_word' id='word_1_217' title='bbox 1020 2954 1131 3015; x_wconf 86' lang='lat' dir='ltr'>extant</span> <span class='ocrx_word' id='word_1_218' title='bbox 1153 2954 1188 3014; x_wconf 88' lang='lat' dir='ltr'>et</span> 
     </span>
    </p>
   </div>
   <div class='ocr_carea' id='block_1_4' title="bbox 175 3126 1186 3646">
    <p class='ocr_par' dir='ltr' id='par_1_10' title="bbox 177 3126 1186 3286">
     <span class='ocr_line' id='line_1_32' title="bbox 248 3126 1186 3215; baseline -0.002 -18"><span class='ocrx_word' id='word_1_219' title='bbox 248 3148 274 3215; x_wconf 86' lang='lat'>1)</span> <span class='ocrx_word' id='word_1_220' title='bbox 292 3144 440 3200; x_wconf 88' lang='lat' dir='ltr'>Hanouiae</span> <span class='ocrx_word' id='word_1_221' title='bbox 461 3151 529 3200; x_wconf 83' lang='grc'><strong>1618</strong></span> <span class='ocrx_word' id='word_1_222' title='bbox 547 3164 574 3215; x_wconf 90' lang='lat' dir='ltr'>p.</span> <span class='ocrx_word' id='word_1_223' title='bbox 590 3149 650 3200; x_wconf 86' lang='grc'><strong>806.</strong></span> <span class='ocrx_word' id='word_1_224' title='bbox 666 3150 718 3200; x_wconf 79' lang='grc'><strong>801</strong></span> <span class='ocrx_word' id='word_1_225' title='bbox 738 3146 791 3215; x_wconf 83' lang='lat' dir='ltr'>(ed.</span> <span class='ocrx_word' id='word_1_226' title='bbox 802 3145 886 3200; x_wconf 90' lang='lat' dir='ltr'>Prud.</span> <span class='ocrx_word' id='word_1_227' title='bbox 901 3161 924 3200; x_wconf 90' lang='lat' dir='ltr'>c.</span> <span class='ocrx_word' id='word_1_228' title='bbox 939 3147 997 3200; x_wconf 89' lang='lat' dir='ltr'>not.</span> <span class='ocrx_word' id='word_1_229' title='bbox 1012 3126 1186 3213; x_wconf 80' lang='lat' dir='ltr'>NicHeins‘ii,</span> 
     </span>
     <span class='ocr_line' id='line_1_33' title="bbox 177 3214 573 3286; baseline 0.003 -16"><span class='ocrx_word' id='word_1_230' title='bbox 177 3214 272 3270; x_wconf 82' lang='lat' dir='ltr'>eolon.</span> <span class='ocrx_word' id='word_1_231' title='bbox 294 3221 361 3269; x_wconf 78' lang='lat'>1701</span> <span class='ocrx_word' id='word_1_232' title='bbox 379 3235 407 3285; x_wconf 84' lang='lat' dir='ltr'>p.</span> <span class='ocrx_word' id='word_1_233' title='bbox 422 3222 482 3270; x_wconf 80' lang='grc'><strong>466.</strong></span> <span class='ocrx_word' id='word_1_234' title='bbox 502 3220 573 3286; x_wconf 75' lang='lat' dir='ltr'>rea).</span> 
     </span>
    </p>

    <p class='ocr_par' dir='ltr' id='par_1_11' title="bbox 175 3285 1186 3646">
     <span class='ocr_line' id='line_1_34' title="bbox 248 3285 1186 3358; baseline -0.001 -19"><span class='ocrx_word' id='word_1_235' title='bbox 248 3289 275 3355; x_wconf 74' lang='lat' dir='ltr'>a)</span> <span class='ocrx_word' id='word_1_236' title='bbox 300 3286 335 3341; x_wconf 84' lang='lat' dir='ltr'>cf.</span> <span class='ocrx_word' id='word_1_237' title='bbox 362 3288 443 3342; x_wconf 83' lang='lat' dir='ltr'>Rada</span> <span class='ocrx_word' id='word_1_238' title='bbox 470 3288 609 3341; x_wconf 87' lang='lat' dir='ltr'>Damasus</span> <span class='ocrx_word' id='word_1_239' title='bbox 636 3305 663 3358; x_wconf 89' lang='lat' dir='ltr'>p.</span> <span class='ocrx_word' id='word_1_240' title='bbox 684 3293 771 3356; x_wconf 72' lang='lat' dir='ltr'>asqq.</span> <span class='ocrx_word' id='word_1_241' title='bbox 811 3287 894 3341; x_wconf 82' lang='lat' dir='ltr'>Rossi</span> <span class='ocrx_word' id='word_1_242' title='bbox 916 3286 990 3342; x_wconf 87' lang='lat' dir='ltr'>Bull.</span> <span class='ocrx_word' id='word_1_243' title='bbox 1014 3285 1091 3341; x_wconf 85' lang='lat' dir='ltr'>erist.</span> <span class='ocrx_word' id='word_1_244' title='bbox 1117 3289 1186 3339; x_wconf 80' lang='grc'><strong>1884</strong></span> 
     </span>
     <span class='ocr_line' id='line_1_35' title="bbox 175 3362 1186 3499; baseline -0.004 -15"><span class='ocrx_word' id='word_1_245' title='bbox 175 3362 282 3499; x_wconf 36' lang='grc'><strong>486)</strong></span> <span class='ocrx_word' id='word_1_246' title='bbox 293 3364 469 3498; x_wconf 55' lang='lat' dir='ltr'>ripiii&#39;taffli‘n</span> <span class='ocrx_word' id='word_1_247' title='bbox 490 3427 616 3484; x_wconf 87' lang='lat' dir='ltr'>Maxima</span> <span class='ocrx_word' id='word_1_248' title='bbox 637 3428 707 3484; x_wconf 90' lang='lat' dir='ltr'>bibl.</span> <span class='ocrx_word' id='word_1_249' title='bbox 732 3431 860 3484; x_wconf 88' lang='lat' dir='ltr'>ueterum</span> <span class='ocrx_word' id='word_1_250' title='bbox 881 3431 995 3499; x_wconf 87' lang='lat' dir='ltr'>patrum</span> <span class='ocrx_word' id='word_1_251' title='bbox 1013 3428 1039 3483; x_wconf 86' lang='lat' dir='ltr'><strong>V</strong></span> <span class='ocrx_word' id='word_1_252' title='bbox 1057 3427 1186 3497; x_wconf 84' lang='lat' dir='ltr'>Lugdun.</span> 
     </span>
     <span class='ocr_line' id='line_1_36' title="bbox 177 3506 1142 3646; baseline 0 -16"><span class='ocrx_word' id='word_1_253' title='bbox 177 3506 409 3646; x_wconf 52' lang='lat' dir='ltr'>16774p.r{}plgg.</span> <span class='ocrx_word' id='word_1_254' title='bbox 422 3570 526 3643; x_wconf 86' lang='lat' dir='ltr'>spuria,</span> <span class='ocrx_word' id='word_1_255' title='bbox 544 3570 628 3626; x_wconf 90' lang='lat' dir='ltr'>huius</span> <span class='ocrx_word' id='word_1_256' title='bbox 647 3571 780 3627; x_wconf 86' lang='lat' dir='ltr'>editionis</span> <span class='ocrx_word' id='word_1_257' title='bbox 799 3591 826 3626; x_wconf 88' lang='lat' dir='ltr'>n.</span> <span class='ocrx_word' id='word_1_258' title='bbox 842 3577 954 3629; x_wconf 83' lang='grc'><strong>64-08.</strong></span> <span class='ocrx_word' id='word_1_259' title='bbox 976 3576 1016 3626; x_wconf 79' lang='grc'>70.</span> <span class='ocrx_word' id='word_1_260' title='bbox 1038 3579 1079 3629; x_wconf 81' lang='grc'><strong>71,</strong></span> <span class='ocrx_word' id='word_1_261' title='bbox 1099 3578 1142 3630; x_wconf 87' lang='grc'>84.</span> 
     </span>
    </p>
   </div>
   <div class='ocr_carea' id='block_1_5' title="bbox 0 0 1340 3922">
    <p class='ocr_par' dir='ltr' id='par_1_12' title="bbox 0 0 1340 3922">
     <span class='ocr_line' id='line_1_37' title="bbox 0 0 1340 3922; baseline 0 0"><span class='ocrx_word' id='word_1_262' title='bbox 0 0 1340 3922; x_wconf 95' lang='lat' dir='ltr'> </span> 
     </span>
    </p>
   </div>
  </div>
 </body>
</html>
