2678 3928
590 213 705 267 INDEX
724 214 750 266 V

324 381 359 429 30
395 374 518 428 Tiburtii
536 372 668 455 martyris
688 372 811 443 elogium

325 453 358 500 31
397 445 532 515 Gargonii
550 444 683 514 martyris
702 444 826 513 elogium

325 523 357 571 81
395 516 496 571 titulus
516 516 629 570 Castulo
648 515 767 584 martyri
785 532 803 569 a
821 513 941 569 Venerio
961 513 1109 568 dedicatus

177 623 242 677 VIH
260 622 325 677 VIA
343 620 545 675 TIBVRTINA

324 716 357 765 32
395 709 569 780 epigramma
587 709 673 763 altari
687 708 823 764 basilicae
843 727 864 765 s
879 690 1022 764 Laurent'
990 713 1025 763 311
1043 708 1177 778 martyris

431 781 462 833 in
480 797 548 850 agro
567 781 679 835 Verane
697 780 864 849 inscriptum

325 853 378 905 33*
396 852 498 907 Leonis
522 851 647 921 episcopi
671 852 847 922 epitaphium
873 852 911 906 ad
934 869 955 906 s
974 851 1156 906 Laurentii
1148 869 1179 904 in

433 940 502 992 agro
520 922 632 977 Verano

324 996 378 1047 34*
396 993 533 1048 Florentii
551 994 658 1048 1311333
677 992 856 1064 epitaphium
873 993 982 1048 ibidem

271 1072 314 1121 35.
325 1072 358 1120 36
395 1065 555 1134 fragmenta
582 1065 731 1120 titulorum
757 1065 938 1119 metricorum
965 1081 1022 1135 rep.
1051 1064 1083 1118 in
1110 1082 1178 1134 agro

326 1212 360 1260 37
396 1136 546 1330 Hidpiiiid
563 1207 696 1275 martyris
716 1205 839 1275 elogium

326 1277 379 1332 38*
398 1278 454 1332 3131
466 1296 498 1332 13
518 1277 660 1331 Timothei
680 1276 836 1346 presbyteri
860 1276 891 1331 in
914 1280 1013 1346 crypta
1031 1277 1179 1348 Hippolyti

326 1349 379 1401 33*
398 1349 558 1418 fragmenta
576 1348 655 1402 tituli
673 1348 704 1401 in
723 1350 822 1417 crypta
840 1348 989 1417 Hippolyti
1007 1365 1064 1418 rep.

326 1425 360 1472 82
396 1419 497 1474 Leonis
515 1419 674 1489 presbyteri
693 1435 806 1473 carmen
830 1420 867 1472 ad
885 1423 1013 1489 cryptam
1030 1419 1179 1489 Hippolyti

436 1508 448 1543 s
470 1494 566 1545 ectans

326 1567 360 1615 83
398 1509 529 1615 carrhinis
558 1561 662 1616 aetatis
689 1560 854 1630 Vigilianae
886 1561 1045 1630 fragmenta
1072 1561 1180 1615 ibidem

433 1635 546 1702 reperta

167 1739 245 1793 VHII
264 1739 327 1793 VIA
346 1737 582 1794 NOMENTANA

326 1834 360 1885 40
397 1828 516 1898 Agnetis
535 1829 668 1898 martyris
687 1829 811 1911 elogium
829 1828 860 1882 in
878 1828 938 1882 eius
956 1827 1078 1882 basilica

327 1904 363 1952 84
399 1916 512 1955 carmen
531 1899 761 1954 Constantinae
752 1917 822 1954 ms
837 1900 977 1970 Agnetem

328 1976 361 2024 85
398 1970 612 2111 Afrodpt‘epetitsit
600 1971 676 2025 tulus
708 1970 872 2059 sepulcralis
904 1988 980 2041 nunc¹
1013 1972 1112 2025 extans
1151 1970 1181 2024 in

221 2147 247 2199 X
266 2147 330 2200 VIA
349 2147 505 2201 sannam
524 2146 627 2201 NOVA

328 2236 382 2288 41*
402 2253 423 2290 s.
438 2235 597 2290 Felicitatis
614 2236 746 2305 martyris
766 2236 889 2306 elogium

328 2312 362 2359 42
399 2309 537 2376 martyres
566 2308 700 2376 anonymi
726 2325 841 2362 numero
869 2308 977 2363 incerto
1004 2307 1111 2377 sepulti
1144 2309 1182 2362 ad

436 2396 471 2433 ss.
491 2378 699 2447 chrysanthum
727 2381 756 2433 et
778 2379 907 2449 Dariam,
936 2397 1031 2434 eorum
1058 2379 1182 2449 elogium

434 2449 638 2504 Damasianum

328 2525 363 2573 43
400 2521 550 2590 sexaginta
569 2522 689 2585 duorum
706 2523 862 2590 martyrum
880 2520 1004 2591 elogium
1026 2520 1057 2574 in
1075 2537 1182 2575 coeme-

435 2593 508 2647 terio
528 2610 563 2647 ss.
579 2592 750 2661 chrysanthi
770 2597 799 2647 et
816 2592 920 2647 Dariae

329 2668 363 2715 44
400 2663 493 2716 Mauri
510 2664 592 2732 pueri
610 2664 742 2732 martyris
762 2663 887 2732 elogium
904 2663 1013 2717 ibidem

329 2739 363 2786 45
400 2733 437 2787 tit
439 2734 502 2787 ulus
516 2735 688 2803 martyribus
702 2734 809 2816 ignotis
823 2734 933 2803 positus
950 2735 988 2787 ad
1002 2751 1023 2788 s.
1039 2733 1183 2787 Saturnini

329 2809 362 2857 48
400 2805 524 2874 elogium
543 2824 564 2860 s.
580 2805 630 2859 Sat
618 2805 725 2858 turnini
743 2804 876 2873 martyris
895 2804 940 2873 (cf.
956 2807 1000 2873 88)

329 2880 363 2927 47
400 2875 553 2930 Feliciset
541 2876 698 2945 tPhilippi
721 2875 854 2945 (filiorum
878 2893 898 2929 s
919 2874 1087 2956 Felicitatis)
1110 2892 1183 2928 mar-

435 2949 530 3013 tyrum
549 2946 699 3016 elogium
691 2965 721 3000 m
736 2945 904 3000 coemeterio
917 2944 1065 2999 Priscillae
1080 2945 1124 3015 (cf.
1139 2949 1182 3015 91)

330 3020 364 3067 48
400 3015 530 3070 Marcelli
541 3034 639 3098 papae
658 3017 783 3086 elogium
800 3017 908 3070 ibidem

330 3090 389 3139 8811
403 3089 466 3142 etb
503 3087 708 3157 epigrammata
736 3089 774 3141 ad
800 3089 1012 3141 monumentum
1039 3105 1060 3142 s
1082 3087 1183 3142 Felici·

437 3157 507 3211 tatis
527 3159 685 3239 spectantia
786 3170 795 3187 ⁹

330 3233 363 3281 87
402 3244 515 3282 carmen
538 3229 568 3283 in
587 3246 615 3283 se
616 3230 714 3299 pulcro
734 3228 904 3298 chrysanthi
921 3229 1080 3298 Dariaeque
1103 3231 1183 3284 resti-

436 3302 499 3353 tuto
519 3302 614 3354 aetate
616 3249 665 3354 pnt
683 3301 798 3354 uidetur
815 3300 961 3369 Vigiliana

330 3375 364 3423 89
400 3369 505 3424 Vitalis
523 3371 665 3425 Martialis
679 3371 833 3425 Alexandri
851 3376 1006 3453 martyrum
1024 3372 1182 3441 sepulcrum

437 3459 455 3495 a
472 3441 580 3511 Vigilio
599 3443 763 3497 restitutum
781 3447 810 3498 et
829 3443 952 3497 carmine
971 3446 1102 3498 omatum

331 3518 365 3565 90
401 3512 592 3582 fragmentum
606 3513 754 3568 metricum
767 3533 825 3586 rep.
835 3515 1026 3570 intercoemet
1028 3515 1086 3570 eria
1096 3515 1183 3568 Thra-

437 3584 513 3639 sonis
533 3588 562 3640 et
574 3586 765 3643 Iordanorum
