2678 3928
586 201 702 255 INDEX
720 201 746 254 V

320 368 353 416 91
391 377 504 415 carmen
522 365 652 432 spectans
676 362 713 415 ad
730 360 856 430 picturas
875 358 997 429 sepulcri
1015 377 1051 414 ss.
1070 358 1174 413 Felicis

429 434 458 486 et
476 432 601 503 Philippi
619 433 664 502 (cf.
679 435 725 502 47)

321 509 354 557 99
393 502 546 584 Caelestini
563 520 654 573 papae
678 502 855 573 epitaphium
877 501 907 556 in
926 500 1094 556 coemeterio
1113 501 1174 556 Pri-

321 651 355 700 93
392 575 609 727 Siiiccliiffopapac
641 644 818 715 epitaphium
849 642 957 698 ibidem
990 643 1021 697 in
1053 643 1175 697 basilica

322 794 356 842 94
392 716 634 857 daegnieliiiiriirnex
652 787 753 843 codem
771 786 938 842 coemeterio

321 864 354 913 95
392 875 505 913 carmen
533 859 568 913 de
591 861 690 928 crypta
712 858 845 926 martyris
872 856 965 926 ignoti
993 856 1174 910 subiunctum

427 929 700 1071 lelffitalpghgpeigareae
718 928 878 999 presbyteri
896 927 955 998 (uia
970 927 1080 982 Salaria
1097 944 1174 981 noua

187 1088 227 1143 XI
244 1089 331 1143 VIAE
349 1088 526 1143 PINCIANA
544 1090 591 1143 ET
611 1089 768 1144 SALARIA
785 1087 905 1144 VETVS

320 1183 355 1232 49
392 1178 471 1260 Preti
495 1181 524 1233 et
541 1178 696 1247 Hyacinthi
718 1180 873 1247 martyrum
896 1176 1021 1247 elogium
1043 1176 1091 1231 uia
1108 1177 1175 1231 Pin-

428 1266 512 1304 crana

320 1326 353 1375 96
391 1336 504 1375 carmen
517 1319 659 1374 Theodori
676 1318 836 1390 presbyteri
853 1318 884 1371 in
902 1319 1017 1374 eosdem
1034 1322 1173 1388 martyres

320 1397 354 1445 97
391 1408 504 1455 carmen
523 1391 684 1460 Symmachi
701 1390 843 1460 pontificis
862 1389 893 1443 in
912 1390 1026 1445 eosdem

321 1468 354 1517 98
391 1462 494 1517 Felicis
517 1462 665 1516 cuiusdam
690 1461 792 1516 titulus
820 1460 985 1530 scpulcrsdis
1013 1460 1044 1514 in
1066 1477 1175 1515 coeme-

427 1533 499 1588 terio
519 1551 539 1589 s.
554 1532 695 1588 Hermetis
713 1534 841 1602 repertus

320 1609 353 1658 99
391 1604 527 1675 Diogenis
545 1604 678 1673 martyris
697 1603 822 1673 elogium
841 1603 889 1657 uia
908 1602 1019 1658 Salaria
1037 1605 1133 1657 uetere

176 1692 229 1747 XII
247 1693 312 1747 VIA
330 1694 511 1748 FLAMINIA

322 1784 375 1836 50*
394 1782 554 1852 fragmenta
572 1782 603 1836 in
620 1781 742 1835 basilica
760 1798 781 1836 s.
796 1780 943 1835 Valentini
961 1797 1018 1851 rep.

321 1855 374 1907 51*
392 1853 583 1923 fragmentum
597 1853 634 1906 ad
647 1852 807 1922 sepulcrum
821 1870 841 1907 s.
852 1852 998 1907 Valentini
1011 1851 1175 1921 pertineam

429 1941 487 1994 rep.
506 1924 562 1979 Via
580 1926 679 1992 Acqua
697 1923 820 1978 Acctoea

162 2013 229 2068 XIII
247 2012 312 2067 VIA
331 2012 456 2069 cassat

304 2099 356 2147 100
393 2093 548 2148 Alexandri
566 2093 691 2165 episcopi
710 2096 739 2148 et
757 2092 890 2161 martyris
908 2096 1118 2148 monumentum

162 2163 244 2218 Locis
263 2164 433 2219 suburbanis
451 2165 567 2219 incertis

321 2241 355 2289 59
393 2235 517 2305 elogium
539 2236 671 2304 martyris
699 2234 791 2305 ignoti
817 2237 912 2303 ‘quem
937 2235 1055 2291 Graecia
1082 2234 1174 2288 misit’

427 2307 512 2375 (inter
528 2308 651 2377 Appiam
670 2309 699 2361 et
717 2306 876 2375 Latinamt)

321 2382 355 2431 53
391 2377 569 2447 epitaphium
591 2378 738 2432 Proiectae
761 2377 837 2431 filiae
860 2377 937 2432 Flori
965 2377 1031 2448 (fuit
1054 2376 1121 2430 olim
1143 2376 1176 2430 in

428 2467 448 2503 s.
463 2449 581 2503 Martini
599 2450 630 2502 in
646 2448 802 2518 montibus)

489 2608 511 2665 B
539 2608 717 2665 monumenta
735 2554 844 2665 urbana

322 2728 357 2776 54
393 2722 582 2846 fralgmentum
609 2722 688 2778 tituli
715 2722 747 2777 in
770 2721 890 2777 ecclesia
912 2739 933 2777 s.
957 2720 1104 2777 Laurentii
1133 2721 1176 2775 ‘in

439 2797 533 2848 ucma'
554 2811 611 2864 rep.

322 2869 356 2918 55
394 2865 547 2919 distichum
564 2865 732 2935 inscriptum
750 2864 886 2919 ecclcsiae
904 2864 1051 2919 Laurentii
1069 2865 1100 2918 in
1116 2864 1174 2918 Da-

428 2953 515 3006 mas0‚
534 2953 607 3005 quae
626 2936 787 3006 appellatur
804 2935 835 2990 in
848 2936 965 2990 Prasino
985 2935 1075 3006 (iuxta
1093 2935 1175 2990 thea-

428 3010 504 3061 trum
522 3007 649 3078 Pompei)

322 3078 375 3132 56*
393 3077 555 3133 hexameter
580 3079 701 3148 scriptus
728 3078 757 3132 in
782 3077 880 3133 limine
906 3078 1048 3148 superiore
1073 3079 1173 3147 portae

428 3149 556 3204 eiusdem
573 3150 709 3206 ecclesiae

322 3225 356 3273 57
393 3235 507 3274 carmen
523 3221 727 3275 Damasianum
744 3220 775 3274 in
793 3220 893 3275 eadem
910 3219 1030 3276 ecclesia

306 3296 356 3344 101
394 3291 569 3361 epigramma
589 3290 639 3345 ‘ad
657 3292 774 3347 fontem’
795 3291 922 3346 eiusdem
939 3290 1075 3346 ecclesiae

308 3367 358 3415 102
396 3379 508 3418 carmen
527 3363 562 3418 dc
575 3363 727 3418 Laurentio
745 3365 868 3432 martyre
886 3363 916 3416 in
935 3363 1034 3431 eadem
1051 3360 1173 3416 basilica

305 3438 357 3486 199
394 3450 506 3558 οατωῖη
520 3432 633 3516 htticae
647 3434 749 3490 Felicis
763 3434 861 3505 Magni
878 3433 1005 3504 coniugis
1023 3433 1055 3487 in
1073 3432 1173 3487 eadem

429 3520 549 3559 eccesia

235 3578 358 3629 104.1oo
395 3575 600 3645 epigrammata
618 3593 653 3631 ex
671 3577 791 3633 ecclesia
809 3594 829 3632 e.
844 3576 1014 3631 Anastasiae
