2662 3922
550 209 757 265 PRAEFATIO
1077 209 1156 265 XVII

213 373 299 438 Ordo
327 374 499 458 primarius
515 375 606 457 'quin
628 374 656 438 is
679 374 734 458 sit,
765 395 861 457 quem
884 373 1030 437 codicum
1052 373 1157 439 maior

144 486 297 528 numerus
312 460 361 550 (ul
370 461 404 528 οι2
413 467 434 547 β
444 462 478 546 γῙ
488 461 522 546 2¹²
532 464 552 528 d
562 461 591 528 ε1
600 461 658 546 θη
669 459 703 550 λ)
719 462 867 548 ostendit,
879 461 1020 526 dubitari
1033 463 1157 547 nequit.

145 552 337 639 legebantur
363 552 464 638 igitur
491 552 633 616 carmina
660 552 695 615 in
721 551 855 636 antiquo
879 552 987 635 aliquo
1010 551 1156 635 psalterii

147 642 323 726 exemplari
352 641 510 726 prooemii
539 640 624 724 loco,
656 641 703 704 ita
731 644 769 704 ut
797 639 1022 724 praecederent
1044 662 1156 704 uersus

147 729 505 815 pseudohieronymiani
520 726 726 817 (eal-10),
749 733 957 813 sequerentur
970 728 1157 793 Damasiani

146 817 331 906 (al—17).
370 822 455 883 certe
478 819 513 882 in
535 817 586 882 his
608 841 662 882 uu.
681 818 768 883 2-5
792 822 859 883 arte
882 818 967 882 inter
989 839 1023 882 se
1045 816 1157 882 cohae-

85 922 88 926 ‘
146 911 219 972 rent
242 908 417 974 efficientes
439 906 664 971 tetrastichum
688 907 725 971 de
749 907 841 991 aquis
864 906 1058 973 salutaribus
1080 906 1157 991 bap-

145 997 270 1061 tisterio
294 996 532 1061 inscribendum
554 994 617 1060 hoc
1110 1080 1112 1083 Ι

260 1103 393 1185 Quisque
415 1104 482 1168 sitit
502 1104 612 1168 ueniet
632 1104 757 1185 cupieos
779 1103 907 1168 haurire
928 1102 1059 1184 fluente,

257 1192 394 1257 inueniet
415 1191 520 1257 letica
541 1197 670 1257 sanent
690 1192 745 1273 qui
767 1191 871 1256 dulcio
893 1190 997 1256 mello:

258 1281 400 1345 sordibus
422 1281 568 1363 expositis
584 1286 727 1363 propani
741 1279 920 1363 praedata
941 1280 1055 1357 cudo,

251 1375 378 1451 pectora
399 1390 468 1435 cum
490 1375 644 1435 remeent
666 1367 791 1454 Christo
813 1369 931 1434 sarcire
946 1368 1066 1450 parati.

145 1480 830 1651 {dicitlistmiiiffleiiuffidtffit
842 1473 1047 1645 {tritt
1066 1470 1157 1627 itit

145 1675 326 1718 marmoreo
349 1675 409 1738 pro
431 1653 577 1717 fontibus
596 1656 669 1716 ante
688 1652 865 1721 ecclesiam.
877 1673 900 1715 s.
919 1650 1160 1714 Bartholomaei

147 1743 182 1806 in
217 1742 335 1826 insula,
372 1741 554 1806 charactere
591 1741 738 1826 antiquo,
774 1744 812 1804 ut
846 1739 979 1803 Damasi
1014 1742 1159 1823 tempore

146 1831 287 1915 scriptus
310 1828 524 1916 uideatir'1),
549 1829 747 1914 eundemque
770 1827 904 1893 Rossius
927 1828 1096 1913 exscripsit
1120 1850 1159 1893 ex

146 1920 299 2004 epistylio
330 1918 457 1982 aedium
486 1939 649 1982 sacrarum
677 1913 951 2004 Portuensium2).
997 1917 1032 1981 in
1058 1917 1160 1981 altera

146 2012 258 2072 autem
276 2007 455 2070 carminum
477 2006 660 2071 recensione
684 2004 838 2092 (ffldpp
858 2004 947 2093 sab.)
970 2027 1082 2070 uersus
1105 2006 1160 2071 ille

144 2117 231 2161 auae
257 2094 395 2160 Damasi
423 2096 550 2161 monitis
579 2115 671 2160 cures
694 2094 836 2178 praebete
862 2095 1011 2179 deciperes
1038 2095 1159 2160 iniusto

150 2186 221 2249 loco
244 2184 454 2269 interpositus
477 2183 674 2249 confusionis
697 2206 807 2248 ansam
831 2184 927 2248 dedit.
966 2183 1029 2248 hoc
1052 2188 1159 2248 tamen

145 2275 328 2358 quaeritur,
355 2295 433 2336 num
457 2278 531 2358 apte
554 2295 665 2337 uersus
689 2273 830 2358 quinque
852 2273 977 2358 priores
998 2272 1075 2337 huic
1097 2272 1160 2336 Da-

149 2362 231 2426 masi
259 2362 297 2426 de
324 2361 449 2426 Dauide
478 2362 612 2426 carmini
638 2361 865 2448 praefigantur.
916 2360 1063 2446 equidem
1090 2382 1161 2446 per·

143 2473 279 2516 suasum
301 2451 405 2516 habeo
427 2451 569 2536 primum
592 2473 735 2535 uersum,
759 2471 855 2534 quem
877 2449 912 2513 in
935 2449 1043 2514 codice
1065 2452 1086 2532 β
1110 2449 1162 2513 de-

144 2540 282 2605 siderari
304 2540 429 2626 monui,
457 2541 617 2606 electore
641 2540 793 2624 quopiam
815 2539 977 2602 intrusum
1000 2559 1081 2622 esse,
1105 2539 1162 2622 qui

145 2630 235 2693 male
258 2630 415 2714 sapientia
437 2628 587 2692 inductus
612 2628 793 2714 significare
815 2627 957 2692 uoluerit
974 2627 1044 2690 iem
1066 2628 1160 2692 finito

144 2719 289 2782 carmine
316 2717 570 2801 Hieronymiano
599 2717 792 2781 audiendum
822 2737 889 2781 esse
917 2715 1092 2781 Damasum
1123 2715 1162 2779 de

149 2805 274 2870 Dauide
297 2803 518 2894 monentem.⁸)
551 2810 585 2870 at
608 2806 664 2890 qui
687 2804 827 2869 indolem
850 2805 1028 2869 carminum
1045 2804 1162 2868 Dama·

144 2895 313 2958 sianorum
350 2896 536 2981 diligentius
572 2893 788 2980 perpenderit,
830 2893 993 2979 concedet,
1035 2893 1158 2977 opinor,

145 3154 186 3210 Pb
204 3087 248 3207 l1)
266 3085 368 3184 Inerat.
386 3091 478 3156 489st
504 3087 626 3142 ‘Romae
644 3085 675 3140 in
693 3086 799 3141 concha
817 3101 986 3152 marmorea,
1010 3100 1026 3138 e
1050 3083 1161 3138 schedis

187 3172 325 3210 oome1s.

221 3230 248 3297 2)
266 3226 340 3282 Bull.
359 3226 435 3282 crist.
457 3234 525 3282 1866
543 3247 570 3298 p.
585 3234 628 3297 50,
647 3247 674 3297 p.
686 3233 737 3282 103
751 3246 777 3283 n.
787 3233 819 3282 11
836 3228 858 3298 (‘
898 3226 966 3281 andi
984 3226 1084 3281 lettere
1103 3242 1163 3280 roz·

145 3300 277 3354 demente
299 3297 426 3353 imitanti
449 3298 476 3353 le
496 3299 695 3369 damasiane').
733 3299 768 3353 of.
788 3298 843 3354 CIL
941 3303 1017 3353 1941.
1055 3297 1162 3352 Antho-

149 3369 228 3439 logia,
251 3369 417 3424 Buecheleri
444 3388 471 3425 n.
491 3375 551 3426 336.
594 3370 732 3425 Germano
758 3369 789 3425 di
812 3370 838 3425 S.
863 3368 1005 3425 Stanislao
1029 3370 1069 3423 La
1095 3385 1162 3423 casa

146 3441 341 3495 celimontana
359 3440 406 3495 dei
425 3458 460 3496 ss.
479 3440 590 3495 martiri
609 3440 749 3496 Giovanni
768 3457 783 3495 e
801 3440 889 3496 Paolo
906 3458 933 3511 p.
949 3446 1010 3495 274.

223 3515 250 3582 3)
269 3512 446 3582 comparauit
463 3512 600 3567 Manitius
619 3512 700 3582 (Mus.
719 3512 809 3568 Rhen.
827 3510 901 3566 XLV
919 3530 946 3582 p.
961 3514 1025 3582 317)
1049 3509 1164 3566 quenci

148 3598 263 3636 uersum
281 3584 295 3639 I
315 3589 365 3638 715
384 3586 496 3655 qunque
514 3586 580 3641 meis
598 3585 709 3640 monitis
727 3601 858 3654 auresque
876 3591 902 3639 et
919 3586 995 3652 scota
1013 3584 1122 3640 dicabit.

204 3682 333 3736 Dium,
347 3683 381 3724 ed.
391 3683 452 3724 Ihm
985 3672 1004 3726 b
