2662 3922
564 171 789 227 TESTIMONIA
1080 173 1183 233 XXXV

170 336 205 400 in
239 337 370 400 exilium
402 336 593 400 mitteretur.
640 336 726 420 quod
752 335 810 400 ubi
836 336 1042 421 factumest,
1075 337 1182 422 coepit

169 424 327 489 Damasus
346 425 525 490 Romanam
540 424 677 510 plebem,
700 447 781 509 quae
799 446 833 489 se
850 424 982 489 nolebat
1000 426 1180 510 procedere,

168 513 309 578 tristibus
332 517 365 578 et
387 513 481 578 caede
503 514 594 577 uaria
615 535 796 600 perurgere.
822 514 1028 598 presbyteros
1052 535 1180 597 quoque

169 625 302 667 numero
331 606 453 687 septem
481 602 627 666 detentos
649 624 707 686 per
730 603 873 666 officium
895 603 1012 667 nititur
1035 603 1074 666 ab
1099 602 1179 666 urbe

169 692 357 775 propellere.
389 691 445 755 sed
466 691 558 774 plebs
580 691 684 755 fidelis
707 713 876 756 occurrens
899 691 1026 756 eosdem
1048 691 1179 775 presby-

168 784 254 844 teros
281 781 366 844 eruit
394 784 426 844 et
454 780 494 843 ad
520 779 687 844 basilicam
714 778 873 868 Liberii1)
901 781 970 845 sine
997 802 1088 845 mora
1110 802 1180 864 per-

170 869 271 932 duxit.
474 872 479 883 ’

236 958 304 1021 ΙΙΙ
330 957 419 1020 Tunc
437 956 596 1021 Damasus
618 978 692 1021 cum
714 958 844 1042 perfidis
867 958 986 1022 inuitat
1008 958 1180 1043 arenarios,

168 1046 390 1132 quadrigarios
413 1050 445 1110 et
463 1046 601 1110 fossores
622 1068 812 1130 omnemque
831 1047 951 1111 clerum
971 1069 1043 1111 cum
1062 1048 1179 1111 securi-

167 1134 227 1198 bus
250 1135 366 1220 gladiis
389 1139 421 1199 et
443 1134 584 1198 fustibus
607 1138 640 1199 et
669 1135 795 1200 obsedit
824 1136 989 1200 basilicam
1011 1136 1092 1200 hora
1115 1135 1179 1201 diei

167 1224 304 1287 secunda
317 1221 381 1287 VII
403 1224 612 1288 kalendarum
633 1222 870 1289 Nouembrium
893 1224 943 1287 die
968 1222 1121 1288 Gratiano
1146 1227 1179 1288 et

84 1362 86 1365 .
166 1311 335 1398 Dagalaifo
373 1312 558 1377 consulibus
595 1316 627 1376 et
663 1335 762 1399 graue
797 1312 957 1397 proelium
993 1313 1176 1377 concitauit.

34 1444 39 1451 -
166 1422 241 1464 nam
268 1401 407 1465 effractis
433 1401 559 1466 foribus
586 1402 724 1488 igneque
751 1402 917 1486 supposito
947 1400 1070 1465 adltum
1092 1401 1178 1465 undo

166 1490 358 1574 irrumperet
381 1490 578 1574 exquirebat.
623 1491 772 1555 nonnulli
798 1512 925 1575 quoque
949 1490 987 1553 de
1010 1488 1176 1553 familiari-

165 1577 226 1641 bus
253 1580 321 1642 eius
350 1582 470 1643 tectum
497 1579 647 1643 basilicae
676 1579 874 1643 destruentes
902 1578 1021 1664 tegulis
1047 1578 1177 1642 fidelem

166 1668 322 1751 populum
345 1667 554 1750 perimebant.
584 1671 661 1731 tunc
684 1668 826 1731 uniuersi
844 1667 1031 1731 Damasiani
1053 1667 1176 1730 irruen-

165 1759 213 1819 tes
237 1756 272 1819 in
293 1755 459 1819 basilicam
483 1759 612 1819 centum
634 1756 801 1841 sexaginta
824 1755 862 1819 de
884 1756 979 1839 plebe
1002 1758 1069 1819 tam
1086 1755 1176 1819 uiros

165 1860 261 1927 quam
284 1844 434 1908 mulieres
458 1843 655 1929 occiderunt,
683 1845 934 1908 uulnerauerunt
957 1844 1054 1908 etiam
1078 1866 1175 1928 quam

164 1932 330 2017 plurimos,
349 1954 388 1996 ex
408 1931 525 2016 quibus
543 1932 638 1995 multi
658 1931 799 1996 defimcti
818 1936 906 2019 sunt3
930 1932 967 1996 de
985 1937 1077 2017 parte
1095 1953 1173 1997 uero

163 2021 295 2085 Damasi
330 2020 439 2084 nullus
475 2024 524 2085 est
559 2024 714 2085 mortuus.
764 2025 838 2107 post
870 2026 935 2086 tres
967 2025 1075 2086 autem
1107 2022 1175 2086 dies

163 2113 274 2173 sancta
295 2109 387 2193 plebs
410 2110 444 2172 in
466 2132 567 2173 unum
590 2109 783 2174 conueniens
806 2111 911 2194 coepit
929 2111 1082 2175 aduersus
1100 2132 1174 2175 eum

163 2198 285 2261 domini
312 2197 463 2262 mandata
489 2199 623 2263 recItare
652 2199 805 2263 dicentes:
842 2199 958 2264 ‘nolite
981 2201 1094 2264 timere
1119 2221 1173 2264 eos

164 2286 220 2370 qui
248 2287 397 2351 occidunt
425 2308 553 2372 corpus,
581 2288 721 2352 animam
743 2310 821 2353 uero
843 2310 908 2352 non
931 2293 1067 2372 possunt
1094 2287 1175 2353 occi-

163 2373 290 2463 dere'.²)
335 2376 494 2461 psallebat
521 2377 618 2441 etiam
645 2377 680 2440 in
702 2377 851 2441 laudibus
874 2381 907 2441 et
930 2376 1070 2441 dicebat:
1103 2376 1174 2459 ‘po-

162 2469 295 2529 suerimt
326 2465 484 2530 mortalia
506 2487 673 2530 seruorum
704 2469 835 2530 tuorum
867 2487 954 2530 escas
983 2464 1173 2539 uolatilibus

163 2554 255 2639 caeli,
279 2574 389 2618 carnes
411 2558 595 2618 sanctorum
617 2558 748 2620 tuorum
770 2554 883 2618 bestiis
905 2557 1023 2639 terrae3
1056 2553 1172 2618 effude-

160 2645 237 2706 runt
264 2642 453 2729 sanguinem
480 2665 591 2709 eorum
618 2643 709 2707 uelut
736 2665 852 2727 aquam
880 2643 915 2707 in
937 2642 1074 2707 circuitu
1096 2642 1173 2707 Hie

160 2731 313 2816 rusalem‚
345 2735 378 2795 et
408 2754 473 2796 non
505 2735 575 2796 erat
606 2733 662 2815 qui
689 2729 892 2819 sepeIIret'.³)
937 2753 1030 2815 saepe
1061 2732 1172 2816 itaque

147 2810 272 2883 'eadem
299 2819 391 2903 plebs
418 2820 557 2884 adunata
583 2820 618 2884 in
645 2820 777 2884 basilica
798 2819 921 2884 Liberii
943 2819 1103 2884 clamabat
1126 2820 1172 2883 di—

160 2927 247 2972 cens:
270 2907 459 2973 ‘christiane
481 2909 666 2994 imperator,
687 2909 770 2972 nihil
792 2912 824 2972 te
846 2908 934 2972 latet.
972 2929 1082 2972 omnes
1105 2908 1169 2992 cpi-

160 2996 249 3079 scopi
267 2995 404 3060 Romam
422 2997 562 3083 ueniant,
586 3001 701 3083 agatur
718 3019 826 3082 causa3
849 2997 999 3080 quintum
1021 2997 1086 3059 iam
1104 2996 1171 3060 bel·

160 3082 229 3147 lum
247 3083 406 3148 Damasus
427 3086 517 3150 fecit:
540 3108 559 3149 a
581 3087 654 3150 sede
671 3085 761 3151 Petri
783 3085 960 3150 homicidas
978 3082 1086 3149 foras?
1118 3085 1170 3151 dei

231 3261 257 3328 1)
275 3256 400 3312 Basilica
413 3258 565 3340 Liberiana
582 3259 669 3314 hodie
684 3261 716 3314 ‘a
730 3259 822 3314 Maria
835 3259 1005 3341 Maggiore’‚
1019 3259 1168 3341 Duchesne

158 3327 177 3384 1.
192 3346 215 3383 o.
234 3347 261 3399 p.
277 3334 337 3385 209.
375 3329 409 3384 cf.
428 3330 592 3385 testimonia
610 3330 753 3385 Ammiani
769 3330 929 3385 Marcelhm
953 3334 982 3385 et
1004 3330 1169 3400 Hieronymi

158 3400 257 3540 ehrmdl
277 3488 377 3542 euang.
396 3472 498 3527 Matth.
518 3473 543 3526 X
562 3478 604 3526 28.

229 3548 256 3612 3)
275 3542 375 3612 psalm.
393 3543 532 3599 LXXVIII
550 3549 574 3598 2.
594 3549 618 3601 3.

956 3633 985 3686 e*
