<?xml version="1.0" encoding="UTF-8"?>
<!DOCTYPE html PUBLIC "-//W3C//DTD XHTML 1.0 Transitional//EN"
    "http://www.w3.org/TR/xhtml1/DTD/xhtml1-transitional.dtd">
<html xmlns="http://www.w3.org/1999/xhtml" xml:lang="en" lang="en">
 <head>
  <title>
</title>
<meta http-equiv="Content-Type" content="text/html;charset=utf-8" />
  <meta name='ocr-system' content='tesseract 3.04.00' />
  <meta name='ocr-capabilities' content='ocr_page ocr_carea ocr_par ocr_line ocrx_word'/>
</head>
<body>
  <div class='ocr_page' id='page_1' title='image "./anthologialatin03lommgoog_0131.png"; bbox 0 0 2678 3920; ppageno 0'>
   <div class='ocr_carea' id='block_1_1' title="bbox 170 193 884 260">
    <p class='ocr_par' dir='ltr' id='par_1_1' title="bbox 170 193 884 260">
     <span class='ocr_line' id='line_1_1' title="bbox 170 193 884 260; baseline -0.001 -12"><span class='ocrx_word' id='word_1_1' title='bbox 170 197 214 260; x_wconf 80' lang='lat'><strong>54</strong></span> <span class='ocrx_word' id='word_1_2' title='bbox 458 193 598 248; x_wconf 85' lang='lat' dir='ltr'>DAMASI</span> <span class='ocrx_word' id='word_1_3' title='bbox 614 193 884 249; x_wconf 80' lang='lat' dir='ltr'><strong>EPIGRAMMATA</strong></span> 
     </span>
    </p>
   </div>
   <div class='ocr_carea' id='block_1_2' title="bbox 169 353 1177 495">
    <p class='ocr_par' dir='ltr' id='par_1_2' title="bbox 169 353 1177 495">
     <span class='ocr_line' id='line_1_2' title="bbox 239 353 1177 425; baseline -0.001 -15"><span class='ocrx_word' id='word_1_4' title='bbox 239 353 321 410; x_wconf 84' lang='lat' dir='ltr'><strong>Addo</strong></span> <span class='ocrx_word' id='word_1_5' title='bbox 345 355 424 409; x_wconf 87' lang='lat' dir='ltr'><strong>aliud</strong></span> <span class='ocrx_word' id='word_1_6' title='bbox 445 354 634 425; x_wconf 71' lang='lat' dir='ltr'><strong>fragmentum</strong></span> <span class='ocrx_word' id='word_1_7' title='bbox 656 353 763 408; x_wconf 85' lang='lat' dir='ltr'>ibidem</span> <span class='ocrx_word' id='word_1_8' title='bbox 785 356 926 422; x_wconf 88' lang='lat' dir='ltr'><strong>repertum</strong></span> <span class='ocrx_word' id='word_1_9' title='bbox 948 354 1051 409; x_wconf 83' lang='lat' dir='ltr'><strong>litteris</strong></span> <span class='ocrx_word' id='word_1_10' title='bbox 1072 356 1177 410; x_wconf 88' lang='lat' dir='ltr'><strong>Dama-</strong></span> 
     </span>
     <span class='ocr_line' id='line_1_3' title="bbox 169 424 851 495; baseline -0.007 -12"><span class='ocrx_word' id='word_1_11' title='bbox 169 427 264 483; x_wconf 84' lang='lat' dir='ltr'><strong>aianae</strong></span> <span class='ocrx_word' id='word_1_12' title='bbox 283 427 489 495; x_wconf 87' lang='lat' dir='ltr'><strong>quodammodo</strong></span> <span class='ocrx_word' id='word_1_13' title='bbox 508 424 687 479; x_wconf 74' lang='lat' dir='ltr'><strong>imitantibus</strong></span> <span class='ocrx_word' id='word_1_14' title='bbox 705 427 851 480; x_wconf 81' lang='lat' dir='ltr'><strong>exaratum</strong></span> 
     </span>
    </p>
   </div>
   <div class='ocr_carea' id='block_1_3' title="bbox 165 1064 1179 1209">
    <p class='ocr_par' dir='ltr' id='par_1_3' title="bbox 165 1064 1179 1209">
     <span class='ocr_line' id='line_1_4' title="bbox 165 1064 1179 1139; baseline 0.001 -21"><span class='ocrx_word' id='word_1_15' title='bbox 165 1066 205 1120; x_wconf 75' lang='lat' dir='ltr'><strong>’ol</strong></span> <span class='ocrx_word' id='word_1_16' title='bbox 215 1064 462 1122; x_wconf 84' lang='lat' dir='ltr'><strong>MarucehiRoem.</strong></span> <span class='ocrx_word' id='word_1_17' title='bbox 474 1067 663 1134; x_wconf 82' lang='lat' dir='ltr'><strong>Quartalsohr.</strong></span> <span class='ocrx_word' id='word_1_18' title='bbox 673 1069 747 1138; x_wconf 85' lang='lat' dir='ltr'><strong>IVp.</strong></span> <span class='ocrx_word' id='word_1_19' title='bbox 760 1075 819 1139; x_wconf 87' lang='lat'>151,</span> <span class='ocrx_word' id='word_1_20' title='bbox 833 1067 993 1122; x_wconf 84' lang='lat' dir='ltr'><strong>Iloimitero</strong></span> <span class='ocrx_word' id='word_1_21' title='bbox 1009 1066 1038 1119; x_wconf 93' lang='lat' dir='ltr'><strong>di</strong></span> <span class='ocrx_word' id='word_1_22' title='bbox 1048 1066 1179 1121; x_wconf 68' lang='lat' dir='ltr'><strong>evalem</strong></span> 
     </span>
     <span class='ocr_line' id='line_1_5' title="bbox 169 1136 799 1209; baseline 0.006 -19"><span class='ocrx_word' id='word_1_23' title='bbox 169 1136 231 1191; x_wconf 86' lang='lat' dir='ltr'><strong>tino</strong></span> <span class='ocrx_word' id='word_1_24' title='bbox 249 1155 276 1206; x_wconf 91' lang='lat' dir='ltr'><strong>p.</strong></span> <span class='ocrx_word' id='word_1_25' title='bbox 293 1142 351 1191; x_wconf 79' lang='lat'><strong>121.</strong></span> <span class='ocrx_word' id='word_1_26' title='bbox 372 1169 405 1178; x_wconf 94' lang='lat'><em>-</em></span> <span class='ocrx_word' id='word_1_27' title='bbox 423 1140 542 1194; x_wconf 87' lang='lat' dir='ltr'><strong>Latetne</strong></span> <span class='ocrx_word' id='word_1_28' title='bbox 561 1139 694 1209; x_wconf 86' lang='lat' dir='ltr'><strong>temporis</strong></span> <span class='ocrx_word' id='word_1_29' title='bbox 713 1143 799 1195; x_wconf 81' lang='lat' dir='ltr'><strong>nota?</strong></span> 
     </span>
    </p>
   </div>
   <div class='ocr_carea' id='block_1_4' title="bbox 642 1390 710 1454">
    <p class='ocr_par' dir='ltr' id='par_1_4' title="bbox 642 1390 710 1454">
     <span class='ocr_line' id='line_1_6' title="bbox 642 1390 710 1454; baseline 0 0"><span class='ocrx_word' id='word_1_30' title='bbox 642 1390 710 1454; x_wconf 77' lang='lat'><strong>51*</strong></span> 
     </span>
    </p>
   </div>
   <div class='ocr_carea' id='block_1_5' title="bbox 171 1546 1179 1673">
    <p class='ocr_par' dir='ltr' id='par_1_5' title="bbox 171 1546 1179 1673">
     <span class='ocr_line' id='line_1_7' title="bbox 240 1546 1179 1617; baseline -0.002 -17"><span class='ocrx_word' id='word_1_31' title='bbox 240 1547 441 1616; x_wconf 76' lang='lat' dir='ltr'><strong>Fragmentum</strong></span> <span class='ocrx_word' id='word_1_32' title='bbox 459 1563 645 1601; x_wconf 87' lang='lat' dir='ltr'><strong>marmoreum</strong></span> <span class='ocrx_word' id='word_1_33' title='bbox 666 1563 724 1617; x_wconf 86' lang='lat' dir='ltr'><strong>rep.</strong></span> <span class='ocrx_word' id='word_1_34' title='bbox 747 1546 805 1601; x_wconf 83' lang='lat' dir='ltr'><strong>‘via</strong></span> <span class='ocrx_word' id='word_1_35' title='bbox 823 1546 921 1614; x_wconf 84' lang='lat' dir='ltr'><strong>Aequa</strong></span> <span class='ocrx_word' id='word_1_36' title='bbox 939 1547 1075 1614; x_wconf 64' lang='lat' dir='ltr'><strong>acetosa,</strong></span> <span class='ocrx_word' id='word_1_37' title='bbox 1099 1547 1179 1600; x_wconf 80' lang='lat' dir='ltr'><strong>extat</strong></span> 
     </span>
     <span class='ocr_line' id='line_1_8' title="bbox 171 1617 927 1673; baseline 0 -3"><span class='ocrx_word' id='word_1_38' title='bbox 171 1617 201 1671; x_wconf 90' lang='lat' dir='ltr'><strong>in</strong></span> <span class='ocrx_word' id='word_1_39' title='bbox 220 1618 386 1672; x_wconf 78' lang='lat' dir='ltr'><strong>coemeterio</strong></span> <span class='ocrx_word' id='word_1_40' title='bbox 406 1635 426 1673; x_wconf 83' lang='lat' dir='ltr'><strong>s.</strong></span> <span class='ocrx_word' id='word_1_41' title='bbox 442 1617 588 1672; x_wconf 88' lang='lat' dir='ltr'><strong>Valentini</strong></span> <span class='ocrx_word' id='word_1_42' title='bbox 607 1618 645 1672; x_wconf 91' lang='lat' dir='ltr'><strong>ad</strong></span> <span class='ocrx_word' id='word_1_43' title='bbox 663 1617 740 1672; x_wconf 85' lang='lat' dir='ltr'><strong>uiam</strong></span> <span class='ocrx_word' id='word_1_44' title='bbox 757 1617 927 1672; x_wconf 77' lang='lat' dir='ltr'><strong>Flaminiam</strong></span> 
     </span>
    </p>
   </div>
   <div class='ocr_carea' id='block_1_6' title="bbox 447 1777 901 1952">
    <p class='ocr_par' dir='ltr' id='par_1_6' title="bbox 447 1777 901 1952">
     <span class='ocr_line' id='line_1_9' title="bbox 448 1777 900 1846; baseline 0 -3"><span class='ocrx_word' id='word_1_45' title='bbox 448 1777 715 1846; x_wconf 75' lang='lat' dir='ltr'><strong>auoulsaao</strong></span> <span class='ocrx_word' id='word_1_46' title='bbox 738 1831 900 1845; x_wconf 86' lang='grc'><strong>......</strong></span> 
     </span>
     <span class='ocr_line' id='line_1_10' title="bbox 447 1884 901 1952; baseline 0 -3"><span class='ocrx_word' id='word_1_47' title='bbox 447 1884 627 1951; x_wconf 80' lang='lat' dir='ltr'>PRESBY</span> <span class='ocrx_word' id='word_1_48' title='bbox 638 1892 699 1952; x_wconf 78' lang='lat' dir='ltr'><strong>tero</strong></span> <span class='ocrx_word' id='word_1_49' title='bbox 739 1937 901 1951; x_wconf 92' lang='grc'><strong>......</strong></span> 
     </span>
    </p>
   </div>
   <div class='ocr_carea' id='block_1_7' title="bbox 166 2058 1181 2559">
    <p class='ocr_par' dir='ltr' id='par_1_7' title="bbox 166 2058 1181 2559">
     <span class='ocr_line' id='line_1_11' title="bbox 170 2058 1180 2130; baseline -0.003 -16"><span class='ocrx_word' id='word_1_50' title='bbox 170 2058 320 2128; x_wconf 82' lang='lat' dir='ltr'><strong>Descripsi.</strong></span> <span class='ocrx_word' id='word_1_51' title='bbox 347 2060 492 2114; x_wconf 87' lang='lat' dir='ltr'><strong>Maruoehi</strong></span> <span class='ocrx_word' id='word_1_52' title='bbox 505 2060 577 2115; x_wconf 93' lang='lat' dir='ltr'><strong>Bull.</strong></span> <span class='ocrx_word' id='word_1_53' title='bbox 593 2061 669 2116; x_wconf 84' lang='lat' dir='ltr'><strong>crist.</strong></span> <span class='ocrx_word' id='word_1_54' title='bbox 685 2065 825 2114; x_wconf 84' lang='grc'><strong>1888-89</strong></span> <span class='ocrx_word' id='word_1_55' title='bbox 839 2079 866 2130; x_wconf 87' lang='lat' dir='ltr'><strong>p.</strong></span> <span class='ocrx_word' id='word_1_56' title='bbox 882 2066 924 2128; x_wconf 74' lang='lat'><strong>78,</strong></span> <span class='ocrx_word' id='word_1_57' title='bbox 938 2061 1033 2115; x_wconf 90' lang='lat' dir='ltr'><strong>Roem.</strong></span> <span class='ocrx_word' id='word_1_58' title='bbox 1050 2058 1180 2125; x_wconf 81' lang='lat' dir='ltr'><strong>Quarta]-</strong></span> 
     </span>
     <span class='ocr_line' id='line_1_12' title="bbox 171 2129 1180 2202; baseline -0.001 -19"><span class='ocrx_word' id='word_1_59' title='bbox 171 2130 271 2184; x_wconf 83' lang='lat' dir='ltr'><strong>sohrilt</strong></span> <span class='ocrx_word' id='word_1_60' title='bbox 283 2130 310 2183; x_wconf 89' lang='lat'><strong>11</strong></span> <span class='ocrx_word' id='word_1_61' title='bbox 323 2148 350 2199; x_wconf 91' lang='lat' dir='ltr'><strong>p.</strong></span> <span class='ocrx_word' id='word_1_62' title='bbox 366 2136 426 2185; x_wconf 80' lang='lat'><strong>290.</strong></span> <span class='ocrx_word' id='word_1_63' title='bbox 445 2131 485 2184; x_wconf 86' lang='lat'><strong>111</strong></span> <span class='ocrx_word' id='word_1_64' title='bbox 498 2149 524 2200; x_wconf 90' lang='lat' dir='ltr'><strong>p.</strong></span> <span class='ocrx_word' id='word_1_65' title='bbox 540 2137 591 2185; x_wconf 78' lang='lat'><strong>337</strong></span> <span class='ocrx_word' id='word_1_66' title='bbox 606 2132 651 2202; x_wconf 88' lang='lat' dir='ltr'><strong>(of.</strong></span> <span class='ocrx_word' id='word_1_67' title='bbox 666 2132 705 2185; x_wconf 89' lang='lat' dir='ltr'><strong>IV</strong></span> <span class='ocrx_word' id='word_1_68' title='bbox 720 2135 790 2202; x_wconf 79' lang='lat'>151),</span> <span class='ocrx_word' id='word_1_69' title='bbox 809 2131 832 2185; x_wconf 93' lang='lat' dir='ltr'><strong>Il</strong></span> <span class='ocrx_word' id='word_1_70' title='bbox 851 2130 978 2185; x_wconf 85' lang='lat' dir='ltr'><strong>cimitero</strong></span> <span class='ocrx_word' id='word_1_71' title='bbox 997 2130 1027 2184; x_wconf 92' lang='lat' dir='ltr'><strong>di</strong></span> <span class='ocrx_word' id='word_1_72' title='bbox 1042 2148 1063 2185; x_wconf 85' lang='lat' dir='ltr'><strong>s.</strong></span> <span class='ocrx_word' id='word_1_73' title='bbox 1077 2129 1180 2184; x_wconf 90' lang='lat' dir='ltr'><strong>Valen-</strong></span> 
     </span>
     <span class='ocr_line' id='line_1_13' title="bbox 170 2201 1179 2272; baseline -0.001 -17"><span class='ocrx_word' id='word_1_74' title='bbox 170 2201 231 2255; x_wconf 90' lang='lat' dir='ltr'><strong>tino</strong></span> <span class='ocrx_word' id='word_1_75' title='bbox 249 2219 276 2270; x_wconf 91' lang='lat' dir='ltr'><strong>p.</strong></span> <span class='ocrx_word' id='word_1_76' title='bbox 292 2206 351 2255; x_wconf 79' lang='lat'><strong>121.</strong></span> <span class='ocrx_word' id='word_1_77' title='bbox 384 2201 497 2257; x_wconf 79' lang='lat' dir='ltr'><strong>litterae</strong></span> <span class='ocrx_word' id='word_1_78' title='bbox 512 2205 577 2257; x_wconf 85' lang='lat' dir='ltr'><strong>sunt</strong></span> <span class='ocrx_word' id='word_1_79' title='bbox 590 2203 735 2272; x_wconf 82' lang='lat' dir='ltr'><strong>elegantes</strong></span> <span class='ocrx_word' id='word_1_80' title='bbox 750 2201 871 2272; x_wconf 85' lang='lat' dir='ltr'><strong>speeiem</strong></span> <span class='ocrx_word' id='word_1_81' title='bbox 885 2201 954 2256; x_wconf 83' lang='lat' dir='ltr'><strong>artis</strong></span> <span class='ocrx_word' id='word_1_82' title='bbox 968 2201 1179 2256; x_wconf 87' lang='lat' dir='ltr'><strong>Philooalianae</strong></span> 
     </span>
     <span class='ocr_line' id='line_1_14' title="bbox 170 2272 1180 2342; baseline -0.001 -16"><span class='ocrx_word' id='word_1_83' title='bbox 170 2289 239 2342; x_wconf 89' lang='lat' dir='ltr'><strong>prae</strong></span> <span class='ocrx_word' id='word_1_84' title='bbox 258 2289 288 2326; x_wconf 82' lang='lat' dir='ltr'><strong>se</strong></span> <span class='ocrx_word' id='word_1_85' title='bbox 306 2272 439 2342; x_wconf 78' lang='lat' dir='ltr'><strong>ferentes,</strong></span> <span class='ocrx_word' id='word_1_86' title='bbox 460 2274 521 2341; x_wconf 86' lang='lat' dir='ltr'><strong>sed,</strong></span> <span class='ocrx_word' id='word_1_87' title='bbox 545 2276 578 2327; x_wconf 92' lang='lat' dir='ltr'><strong>ut</strong></span> <span class='ocrx_word' id='word_1_88' title='bbox 595 2273 666 2327; x_wconf 91' lang='lat' dir='ltr'><strong>mihi</strong></span> <span class='ocrx_word' id='word_1_89' title='bbox 684 2273 777 2327; x_wconf 83' lang='lat' dir='ltr'><strong>uisum</strong></span> <span class='ocrx_word' id='word_1_90' title='bbox 799 2276 854 2342; x_wconf 83' lang='lat' dir='ltr'><strong>eat,</strong></span> <span class='ocrx_word' id='word_1_91' title='bbox 873 2290 930 2327; x_wconf 91' lang='lat' dir='ltr'><strong>non</strong></span> <span class='ocrx_word' id='word_1_92' title='bbox 947 2272 1059 2342; x_wconf 85' lang='lat' dir='ltr'><strong>proprie</strong></span> <span class='ocrx_word' id='word_1_93' title='bbox 1077 2272 1180 2326; x_wconf 89' lang='lat' dir='ltr'><strong>Dama-</strong></span> 
     </span>
     <span class='ocr_line' id='line_1_15' title="bbox 172 2342 1181 2414; baseline -0.002 -16"><span class='ocrx_word' id='word_1_94' title='bbox 172 2343 269 2398; x_wconf 81' lang='lat' dir='ltr'><strong>sianae</strong></span> <span class='ocrx_word' id='word_1_95' title='bbox 293 2342 421 2412; x_wconf 85' lang='lat' dir='ltr'><strong>(offendit</strong></span> <span class='ocrx_word' id='word_1_96' title='bbox 443 2343 491 2399; x_wconf 90' lang='lat' dir='ltr'><strong>uel</strong></span> <span class='ocrx_word' id='word_1_97' title='bbox 514 2344 604 2398; x_wconf 87' lang='lat' dir='ltr'><strong>forma</strong></span> <span class='ocrx_word' id='word_1_98' title='bbox 627 2347 647 2397; x_wconf 86' lang='grc' dir='ltr'>Α</span> <span class='ocrx_word' id='word_1_99' title='bbox 670 2344 802 2414; x_wconf 83' lang='lat' dir='ltr'><strong>litterae).</strong></span> <span class='ocrx_word' id='word_1_100' title='bbox 835 2361 920 2413; x_wconf 87' lang='lat' dir='ltr'><strong>quam</strong></span> <span class='ocrx_word' id='word_1_101' title='bbox 943 2344 978 2397; x_wconf 92' lang='lat' dir='ltr'><strong>ob</strong></span> <span class='ocrx_word' id='word_1_102' title='bbox 1001 2360 1060 2398; x_wconf 86' lang='lat' dir='ltr'><strong>rem</strong></span> <span class='ocrx_word' id='word_1_103' title='bbox 1082 2359 1181 2397; x_wconf 87' lang='lat' dir='ltr'><strong>uereor</strong></span> 
     </span>
     <span class='ocr_line' id='line_1_16' title="bbox 172 2414 1178 2488; baseline 0 -20"><span class='ocrx_word' id='word_1_104' title='bbox 172 2432 207 2469; x_wconf 90' lang='lat' dir='ltr'><strong>ne</strong></span> <span class='ocrx_word' id='word_1_105' title='bbox 231 2414 366 2469; x_wconf 79' lang='lat' dir='ltr'><strong>audacius</strong></span> <span class='ocrx_word' id='word_1_106' title='bbox 390 2415 565 2485; x_wconf 82' lang='lat' dir='ltr'><strong>suppleuerit</strong></span> <span class='ocrx_word' id='word_1_107' title='bbox 587 2415 679 2470; x_wconf 88' lang='lat' dir='ltr'><strong>editor</strong></span> <span class='ocrx_word' id='word_1_108' title='bbox 701 2417 864 2488; x_wconf 80' lang='lat' dir='ltr'><strong>beatis[a&#39;aw</strong></span> <span class='ocrx_word' id='word_1_109' title='bbox 886 2417 1004 2485; x_wconf 74' lang='lat' dir='ltr'><strong>martyri</strong></span> <span class='ocrx_word' id='word_1_110' title='bbox 1022 2416 1178 2484; x_wconf 73' lang='lat' dir='ltr'><strong>Valentino]</strong></span> 
     </span>
     <span class='ocr_line' id='line_1_17' title="bbox 166 2487 746 2559; baseline -0.002 -17"><span class='ocrx_word' id='word_1_111' title='bbox 166 2488 336 2559; x_wconf 74' lang='lat' dir='ltr'><strong>presbypaa</strong></span> <span class='ocrx_word' id='word_1_112' title='bbox 354 2487 495 2541; x_wconf 77' lang='lat' dir='ltr'><strong>Damasus</strong></span> <span class='ocrx_word' id='word_1_113' title='bbox 513 2489 652 2556; x_wconf 78' lang='lat' dir='ltr'><strong>episcopas</strong></span> <span class='ocrx_word' id='word_1_114' title='bbox 669 2489 746 2558; x_wconf 75' lang='lat' dir='ltr'><strong>feeit]</strong></span> 
     </span>
    </p>
   </div>
   <div class='ocr_carea' id='block_1_8' title="bbox 653 2737 695 2801">
    <p class='ocr_par' dir='ltr' id='par_1_8' title="bbox 653 2737 695 2801">
     <span class='ocr_line' id='line_1_18' title="bbox 653 2737 695 2801; baseline -0.024 0"><span class='ocrx_word' id='word_1_115' title='bbox 653 2737 695 2801; x_wconf 80' lang='lat'><strong>52</strong></span> 
     </span>
    </p>
   </div>
   <div class='ocr_carea' id='block_1_9' title="bbox 172 2894 1181 3406">
    <p class='ocr_par' dir='ltr' id='par_1_9' title="bbox 216 2894 1126 3299">
     <span class='ocr_line' id='line_1_19' title="bbox 216 2894 1126 2982; baseline 0 -23"><span class='ocrx_word' id='word_1_116' title='bbox 216 2894 285 2960; x_wconf 90' lang='lat' dir='ltr'><strong>Iam</strong></span> <span class='ocrx_word' id='word_1_117' title='bbox 308 2897 440 2981; x_wconf 83' lang='lat' dir='ltr'><strong>dudum,</strong></span> <span class='ocrx_word' id='word_1_118' title='bbox 464 2899 550 2982; x_wconf 91' lang='lat' dir='ltr'><strong>quod</strong></span> <span class='ocrx_word' id='word_1_119' title='bbox 572 2899 658 2961; x_wconf 88' lang='lat' dir='ltr'><strong>fama</strong></span> <span class='ocrx_word' id='word_1_120' title='bbox 680 2897 791 2980; x_wconf 79' lang='lat' dir='ltr'><strong>refert,</strong></span> <span class='ocrx_word' id='word_1_121' title='bbox 814 2900 846 2959; x_wconf 87' lang='lat' dir='ltr'><strong>te</strong></span> <span class='ocrx_word' id='word_1_122' title='bbox 870 2895 1002 2960; x_wconf 81' lang='lat' dir='ltr'><strong>Graecia</strong></span> <span class='ocrx_word' id='word_1_123' title='bbox 1025 2897 1126 2981; x_wconf 82' lang='lat' dir='ltr'><strong>misit3</strong></span> 
     </span>
     <span class='ocr_line' id='line_1_20' title="bbox 216 3003 1062 3089; baseline -0.002 -23"><span class='ocrx_word' id='word_1_124' title='bbox 216 3003 370 3089; x_wconf 85' lang='lat' dir='ltr'><strong>sanguine</strong></span> <span class='ocrx_word' id='word_1_125' title='bbox 394 3005 526 3068; x_wconf 82' lang='lat' dir='ltr'><strong>mutaati</strong></span> <span class='ocrx_word' id='word_1_126' title='bbox 548 3004 699 3087; x_wconf 89' lang='lat' dir='ltr'><strong>patriam:</strong></span> <span class='ocrx_word' id='word_1_127' title='bbox 723 3004 907 3086; x_wconf 84' lang='lat' dir='ltr'><strong>†eiuemque</strong></span> <span class='ocrx_word' id='word_1_128' title='bbox 930 3003 1062 3065; x_wconf 87' lang='lat' dir='ltr'><strong>fratrem</strong></span> 
     </span>
     <span class='ocr_line' id='line_1_21' title="bbox 216 3109 1052 3194; baseline -0.001 -23"><span class='ocrx_word' id='word_1_129' title='bbox 216 3109 293 3173; x_wconf 87' lang='lat' dir='ltr'><strong>feoit</strong></span> <span class='ocrx_word' id='word_1_130' title='bbox 316 3132 406 3173; x_wconf 86' lang='lat' dir='ltr'><strong>amor</strong></span> <span class='ocrx_word' id='word_1_131' title='bbox 428 3109 516 3194; x_wconf 75' lang='lat' dir='ltr'><strong>legis,</strong></span> <span class='ocrx_word' id='word_1_132' title='bbox 561 3111 671 3172; x_wconf 86' lang='lat' dir='ltr'><strong>saneto</strong></span> <span class='ocrx_word' id='word_1_133' title='bbox 694 3131 753 3191; x_wconf 89' lang='lat' dir='ltr'><strong>pro</strong></span> <span class='ocrx_word' id='word_1_134' title='bbox 775 3109 905 3171; x_wconf 90' lang='lat' dir='ltr'><strong>nomine</strong></span> <span class='ocrx_word' id='word_1_135' title='bbox 927 3129 1052 3190; x_wconf 83' lang='lat' dir='ltr'><strong>passus,</strong></span> 
     </span>
     <span class='ocr_line' id='line_1_22' title="bbox 218 3212 1092 3299; baseline -0.002 -21"><span class='ocrx_word' id='word_1_136' title='bbox 218 3215 322 3278; x_wconf 87' lang='lat' dir='ltr'><strong>ineola</strong></span> <span class='ocrx_word' id='word_1_137' title='bbox 344 3236 428 3278; x_wconf 88' lang='lat' dir='ltr'><strong>nuno</strong></span> <span class='ocrx_word' id='word_1_138' title='bbox 452 3214 586 3299; x_wconf 86' lang='lat' dir='ltr'><strong>domini,</strong></span> <span class='ocrx_word' id='word_1_139' title='bbox 610 3236 718 3278; x_wconf 85' lang='lat' dir='ltr'><strong>seruas</strong></span> <span class='ocrx_word' id='word_1_140' title='bbox 742 3214 798 3298; x_wconf 90' lang='lat' dir='ltr'><strong>qui</strong></span> <span class='ocrx_word' id='word_1_141' title='bbox 821 3214 935 3277; x_wconf 87' lang='lat' dir='ltr'><strong>altaria</strong></span> <span class='ocrx_word' id='word_1_142' title='bbox 958 3212 1092 3297; x_wconf 77' lang='lat' dir='ltr'><strong>Christi,</strong></span> 
     </span>
    </p>

    <p class='ocr_par' dir='ltr' id='par_1_10' title="bbox 172 3320 1181 3406">
     <span class='ocr_line' id='line_1_23' title="bbox 172 3320 1181 3406; baseline -0.004 -20"><span class='ocrx_word' id='word_1_143' title='bbox 172 3337 190 3386; x_wconf 77' lang='lat'>5</span> <span class='ocrx_word' id='word_1_144' title='bbox 217 3324 254 3383; x_wconf 92' lang='lat' dir='ltr'><strong>ut</strong></span> <span class='ocrx_word' id='word_1_145' title='bbox 277 3321 407 3384; x_wconf 85' lang='lat' dir='ltr'><strong>Damasi</strong></span> <span class='ocrx_word' id='word_1_146' title='bbox 429 3321 578 3405; x_wconf 76' lang='lat' dir='ltr'><strong>precibus</strong></span> <span class='ocrx_word' id='word_1_147' title='bbox 601 3321 723 3406; x_wconf 78' lang='lat' dir='ltr'><strong>faueas,</strong></span> <span class='ocrx_word' id='word_1_148' title='bbox 750 3342 875 3405; x_wconf 70' lang='lat' dir='ltr'><strong>precor,</strong></span> <span class='ocrx_word' id='word_1_149' title='bbox 902 3320 1022 3404; x_wconf 83' lang='lat' dir='ltr'><strong>inelyte</strong></span> <span class='ocrx_word' id='word_1_150' title='bbox 1049 3323 1181 3402; x_wconf 87' lang='lat' dir='ltr'><strong>martyr.</strong></span> 
     </span>
    </p>
   </div>
   <div class='ocr_carea' id='block_1_10' title="bbox 173 3493 1182 3637">
    <p class='ocr_par' dir='ltr' id='par_1_11' title="bbox 173 3493 1182 3637">
     <span class='ocr_line' id='line_1_24' title="bbox 244 3493 1182 3563; baseline -0.003 -15"><span class='ocrx_word' id='word_1_151' title='bbox 244 3495 285 3548; x_wconf 86' lang='lat' dir='ltr'><strong>Ex</strong></span> <span class='ocrx_word' id='word_1_152' title='bbox 308 3495 342 3563; x_wconf 82' lang='lat' dir='ltr'><strong>L,</strong></span> <span class='ocrx_word' id='word_1_153' title='bbox 370 3496 420 3563; x_wconf 89' lang='lat' dir='ltr'><strong>qui</strong></span> <span class='ocrx_word' id='word_1_154' title='bbox 447 3495 523 3550; x_wconf 84' lang='lat' dir='ltr'><strong>solus</strong></span> <span class='ocrx_word' id='word_1_155' title='bbox 547 3495 671 3550; x_wconf 84' lang='lat' dir='ltr'><strong>seruauit</strong></span> <span class='ocrx_word' id='word_1_156' title='bbox 698 3495 760 3550; x_wconf 85' lang='lat' dir='ltr'><strong>loeo</strong></span> <span class='ocrx_word' id='word_1_157' title='bbox 785 3511 842 3549; x_wconf 89' lang='lat' dir='ltr'><strong>non</strong></span> <span class='ocrx_word' id='word_1_158' title='bbox 864 3493 1003 3562; x_wconf 76' lang='lat' dir='ltr'><strong>indicato,</strong></span> <span class='ocrx_word' id='word_1_159' title='bbox 1032 3494 1182 3548; x_wconf 87' lang='lat' dir='ltr'><strong>ediderunt</strong></span> 
     </span>
     <span class='ocr_line' id='line_1_25' title="bbox 173 3564 1182 3637; baseline -0.001 -19"><span class='ocrx_word' id='word_1_160' title='bbox 173 3565 252 3620; x_wconf 80' lang='lat' dir='ltr'><strong>Grut.</strong></span> <span class='ocrx_word' id='word_1_161' title='bbox 273 3571 353 3635; x_wconf 79' lang='lat'><strong>1173,</strong></span> <span class='ocrx_word' id='word_1_162' title='bbox 375 3573 407 3620; x_wconf 92' lang='grc'><strong>10</strong></span> <span class='ocrx_word' id='word_1_163' title='bbox 426 3566 503 3637; x_wconf 88' lang='lat' dir='ltr'><strong>(inde</strong></span> <span class='ocrx_word' id='word_1_164' title='bbox 524 3567 657 3621; x_wconf 79' lang='lat' dir='ltr'><strong>Satanani</strong></span> <span class='ocrx_word' id='word_1_165' title='bbox 675 3586 701 3622; x_wconf 87' lang='lat' dir='ltr'><strong>n.</strong></span> <span class='ocrx_word' id='word_1_166' title='bbox 721 3573 768 3633; x_wconf 77' lang='lat'><strong>32,</strong></span> <span class='ocrx_word' id='word_1_167' title='bbox 792 3564 910 3619; x_wconf 79' lang='lat' dir='ltr'><strong>Itiuinuo</strong></span> <span class='ocrx_word' id='word_1_168' title='bbox 928 3582 956 3618; x_wconf 89' lang='lat' dir='ltr'><strong>n.</strong></span> <span class='ocrx_word' id='word_1_169' title='bbox 976 3570 1023 3633; x_wconf 75' lang='lat'><strong>42,</strong></span> <span class='ocrx_word' id='word_1_170' title='bbox 1047 3564 1182 3618; x_wconf 84' lang='lat' dir='ltr'><strong>Merenda</strong></span> 
     </span>
    </p>
   </div>
   <div class='ocr_carea' id='block_1_11' title="bbox 0 0 1351 3920">
    <p class='ocr_par' dir='ltr' id='par_1_12' title="bbox 0 0 1351 3920">
     <span class='ocr_line' id='line_1_26' title="bbox 0 0 1351 3920; baseline 0 0"><span class='ocrx_word' id='word_1_171' title='bbox 0 0 1351 3920; x_wconf 95' lang='lat' dir='ltr'><strong> </strong></span> 
     </span>
    </p>
   </div>
  </div>
 </body>
</html>
