2678 3920
167 181 211 244 30
459 179 598 233 DAMASI
616 178 887 233 EPIGRAMMATA

211 343 307 407 unica
329 343 363 406 in
385 342 437 406 his
459 341 578 427 gaudet
600 340 764 405 Romanae
787 342 892 428 gloria
913 341 1031 426 plebia,

213 450 299 534 quod
322 450 400 513 duce
423 452 499 513 tunc
522 448 625 531 Xysto
652 446 772 512 Christi
794 470 938 512 meruere
961 449 1152 532 triumphos.

261 562 559 628 FFLlClSSlMO
583 563 640 626 FF
662 562 852 628 AGAPITO
876 562 1083 628 DAMASVS

239 711 407 766 Felicissimi
430 714 459 766 et
481 711 609 781 Agapiti,
634 712 716 781 Xysti
740 712 922 766 diaconorum
945 711 990 781 (cf.
1014 713 1180 782 adn.12,4),

168 782 292 852 elogium
319 783 436 837 extabat
458 782 507 836 uia
529 783 622 852 Appia
645 782 675 836 in
699 783 865 837 coemeterio
888 784 1063 837 Praetextati
1087 784 1179 853 (Rossi

167 855 258 908 Roma
281 856 346 907 sott.
368 855 381 907 Ι
403 871 430 922 p.
451 859 509 908 180.
531 860 580 907 181
604 855 630 907 Π
654 871 682 923 p.
702 860 743 909 93.
781 855 854 908 Acta
873 854 918 908 SS.
937 854 964 907 Π
982 854 1053 924 Aug.
1072 872 1099 924 p.
1120 862 1178 909 141.

167 924 315 978 Duchesne
342 924 402 979 Lib.
426 924 526 994 pontif.
549 925 563 977 I
584 943 611 994 p.
633 928 701 995 155).
739 941 774 978 ex
796 925 904 994 sylloge
932 925 955 978 Τ
982 925 1065 979 Rossi
1088 925 1179 979 edidit

168 995 286 1049 1011.ss
308 1014 335 1064 p.
360 1002 402 1064 66,
418 1001 459 1065 22,
483 1012 499 1049 e
518 996 578 1050 cod.
601 995 919 1066 claustroneoburgensi
938 998 1023 1050 antea
1041 996 1180 1050 Marinius

168 1066 244 1135 apud
262 1066 370 1119 Maium
389 1066 488 1136 Script.
507 1069 564 1122 uet.
578 1067 605 1121 V
619 1086 646 1136 p.
662 1072 722 1134 377,
737 1073 754 1120 4

242 1143 255 1190 1
281 1140 382 1207 aspicis
400 1138 435 1207 T,
460 1139 567 1192 emend.
586 1138 677 1192 Rossi.
714 1137 828 1191 initium
851 1138 927 1207 apud
946 1136 1103 1207 Vergilium
1125 1138 1179 1192 fre-

170 1224 258 1276 quens
277 1225 300 1262 e.
319 1226 360 1278 gr.
379 1209 448 1263 Aen.
468 1209 494 1262 H
508 1214 568 1263 604.
587 1209 626 1263 VI
641 1215 700 1264 855.
720 1210 745 1262 X
759 1215 820 1264 480.
859 1209 892 1263 cf.
913 1214 946 1263 96
966 1211 1056 1278 aspice
1074 1211 1179 1264 descen·

169 1297 237 1335 sam.
271 1279 399 1333 clausula
417 1279 492 1334 redit
510 1279 540 1333 in
560 1287 601 1349 14,
621 1280 655 1335 cf.
670 1286 706 1334 44
725 1282 846 1334 tamaius
859 1282 913 1348 pic
930 1283 1048 1334 membra
1065 1287 1181 1335 retentat

242 1357 257 1403 2
277 1351 311 1405 cf.
332 1352 396 1405 adn.
413 1357 454 1419 10,
471 1358 502 1404 11
594 1356 610 1403 3
628 1351 738 1405 Paulin.
758 1350 821 1405 Nol.
841 1368 924 1405 carm.
939 1351 1030 1405 XXVl
1045 1357 1095 1404 148
1115 1368 1181 1421 quos

169 1424 258 1476 crucis
284 1424 405 1477 inuictae
432 1425 525 1492 sipost
547 1439 635 1477 creor.
677 1425 798 1491 pariter,
829 1424 985 1492 pariterque
1011 1422 1042 1474 in
1070 1421 1179 1476 deliciis
1265 1456 1272 1464 .

169 1493 257 1547 habet
275 1493 413 1546 Damasus
433 1496 544 1546 secutus
563 1492 720 1562 Vergilium
740 1496 777 1563 (u.
796 1492 929 1562 indicem)
1018 1499 1035 1546 4
1056 1492 1180 1563 elogium

171 1565 247 1632 quod
265 1563 371 1617 Liberii
394 1563 535 1633 pontificis
558 1564 681 1633 putabat
699 1563 814 1617 Rossius
834 1564 920 1633 (IChr.
939 1564 966 1617 ΙΙ
983 1582 1010 1633 p.
1030 1569 1072 1618 84.
1092 1570 1125 1618 86
1145 1591 1179 1609 =

168 1635 322 1689 Buecheler
340 1635 425 1689 Anth.
445 1634 531 1704 epigr.
550 1653 577 1689 n.
595 1638 664 1705 787),
682 1651 765 1689 uersu
784 1634 926 1688 clauditur
944 1638 993 1704 qai
1009 1652 1102 1690 smnus
1119 1637 1179 1690 boc·

169 1723 218 1775 pce
236 1713 315 1760 icam
331 1708 458 1761 meritam
474 1708 605 1775 fidemque
622 1708 707 1760 secati
791 1711 806 1759 5
826 1705 931 1761 similia
949 1706 979 1758 in
999 1712 1031 1759 26
1051 1708 1181 1761 cameos

165 1779 267 1846 petiere
280 1779 359 1832 aaut
370 1794 505 1847 regnaque
514 1779 635 1846 piorum,
647 1783 682 1831 43
694 1779 841 1832 aetheriam
850 1779 951 1847 petiere
965 1777 1074 1831 domam
1082 1794 1179 1847 repac-

169 1866 219 1917 qac
236 1849 360 1917 piorum,
383 1854 418 1901 47
437 1855 574 1903 aeternam
592 1851 693 1917 petiere
714 1850 823 1902 dcmwm
845 1867 868 1902 r.
883 1866 926 1917 p,
950 1853 983 1901 37
999 1855 1101 1916 peteret
1119 1865 1180 1902 cam

168 1920 728 2060 tlttdtbdtttlttttt
744 1925 803 2042 1Ᾰὲ
820 1918 1180 2059 attrebati}

170 2059 249 2113 alter.
264 2076 315 2129 pro
327 2060 436 2114 Christo
450 2061 525 2128 quod
539 2062 655 2128 uterque
666 2061 792 2130 praebet,
809 2063 897 2132 Xysto
911 2059 1023 2129 scripsit
1032 2060 1179 2114 Duchesne

170 2130 188 2184 l.
199 2147 222 2184 c.
241 2148 267 2199 p.
284 2135 334 2184 156
353 2130 491 2200 probante
510 2130 610 2184 Rossio
628 2130 746 2185 101111
762 2151 789 2201 p.
804 2138 856 2186 468
875 2135 912 2201 (u.
928 2131 991 2185 adn.
1008 2137 1073 2199 12,4
1088 2134 1116 2185 et
1126 2134 1178 2200 13).

170 2218 234 2254 cum
252 2200 342 2255 altero
356 2218 453 2255 uersus
467 2201 646 2255 hemistichia
661 2202 695 2256 cf.
711 2207 727 2254 8
743 2203 849 2258 Christi
862 2211 974 2272 portare
992 2204 1126 2270 triunfos,
1145 2208 1179 2254 47

172 2272 277 2326 Christi
294 2290 412 2327 meruere
431 2289 543 2327 coccam

653 2383 696 2446 24

242 2493 412 2562 Fragmenta
431 2491 534 2547 litteris
553 2491 755 2548 Philocalianis
774 2493 911 2562 inscripta
929 2511 954 2550 a.
973 2499 1042 2549 1869
1061 2497 1090 2549 et
1110 2499 1179 2548 1870

170 2563 219 2618 uia
232 2563 326 2633 Appia
343 2562 508 2632 prodierunt
526 2563 556 2617 in
575 2565 743 2619 coemeterio
761 2565 937 2620 Praetextati
954 2564 985 2618 in
1004 2568 1110 2635 crypta,
1129 2564 1179 2619 ubi

170 2635 278 2688 Vrbani
296 2634 428 2702 martyris
452 2634 610 2704 sepulcrum
632 2635 718 2690 fuisse
741 2639 825 2706 putat
842 2635 966 2691 Rossius.
1003 2636 1116 2692 litterae
1135 2636 1178 2689 in-

170 2705 245 2759 cisae
264 2708 345 2759 erant
366 2708 460 2774 ‘sopra
478 2723 535 2759 una
553 2706 650 2761 sottile
668 2707 758 2762 fascia
777 2725 793 2761 ο
812 2707 880 2761 lista
897 2724 1055 2762 marmorea
1073 2708 1104 2761 in
1121 2725 1178 2761 una

171 2776 232 2830 sola
254 2775 356 2843 linea'3
379 2793 480 2831 nomen
502 2778 634 2847 martyris
657 2778 736 2833 latet.
774 2778 847 2833 Bull.
866 2778 941 2833 crist.
962 2783 1031 2832 1870
1049 2797 1075 2848 p.
1096 2784 1129 2832 46
1150 2781 1179 2832 et

172 2852 239 2901 1872
258 2865 285 2917 p.
301 2853 343 2916 31,
363 2847 413 2901 ubi
431 2847 593 2902 indicantur
606 2849 773 2919 fragmenta,
792 2866 849 2903 non
864 2849 1053 2918 publicantur.
1086 2849 1178 2919 ipsum

171 2918 369 2973 coemeterium
388 2918 466 2973 adire
484 2919 555 2972 mihi
573 2937 630 2974 non
648 2920 730 2974 licuit

655 3083 698 3148 25

241 3193 411 3262 Fragmenta
433 3193 512 3247 tituli
533 3194 644 3249 metrici
666 3193 769 3248 litteris
792 3193 903 3263 magnis
924 3193 1127 3248 Philocalianis
1148 3193 1180 3246 in

171 3263 338 3317 coemeterio
351 3264 527 3318 Praetextati
544 3265 593 3318 uia
606 3265 700 3334 Appia
718 3268 830 3335 reperta
846 3265 961 3320 Rossius
981 3268 1180 3319 commemorat

171 3333 243 3389 Bull.
268 3333 342 3388 crist.
368 3340 435 3388 1872
458 3354 485 3405 p.
505 3342 552 3405 62,
577 3338 703 3406 spectare
725 3339 804 3390 ratus
827 3337 864 3390 ad
887 3336 1045 3405 sepulcrum
1069 3334 1180 3402 Quirini

170 3405 279 3458 tribuni
296 3406 427 3474 martyris
446 3407 491 3476 (cf.
505 3407 578 3461 Bull.
594 3406 668 3462 crist.
685 3413 754 3462 1870
767 3426 793 3477 p.
809 3412 851 3462 44,
872 3413 940 3462 1872
954 3426 981 3476 p.
997 3412 1031 3460 49
1042 3425 1082 3475 sq.
1099 3413 1178 3475 78sq.

173 3480 347 3530 1884—1885
361 3495 388 3545 p.
405 3480 456 3549 13).
490 3478 594 3547 sepulti
607 3495 710 3533 nomen
727 3478 758 3532 in
771 3478 908 3547 frustulis,
927 3495 962 3532 ex
975 3479 1077 3546 quibus
1092 3496 1180 3532 unum

170 3546 286 3601 Rossius
305 3546 373 3601 olim
390 3548 563 3620 possidebat,
583 3554 726 3605 seruatum
744 3553 870 3604 nonest.
908 3549 942 3604 cf.
962 3555 997 3602 24
