2678 3920
192 246 234 309 ’10
514 241 875 297 PSEVDODAMASIANA

257 406 357 491 impia
380 405 435 490 qui
458 408 587 470 nostrae
610 405 763 470 domuisti
786 406 921 470 crimina
943 407 1030 471 uitae

209 532 225 580 5
257 535 369 599 passus
392 534 545 596 corporea
567 512 723 576 mundum
745 513 865 577 uestire
887 513 992 599 figura

257 620 412 703 affarique
434 619 541 703 palam
563 618 701 703 populos
722 618 950 704 hominemque
973 620 1076 684 fateri.

256 728 436 811 <quemque
453 727 545 789 utero
560 725 719 789 inclusum
733 724 854 789 Mariae
872 748 948 789 mox
962 726 1093 791 numine
1107 726 1202 812 uiso>

258 832 398 918 uirginei
420 835 567 895 tumuere
590 830 679 895 sinus
702 832 900 916 innuptaque
923 835 1026 897 mater

257 960 372 1003 arcano
395 937 522 1022 stupuit
543 938 697 1022 compleri
719 939 844 1003 uiscera
866 941 961 1022 partu

191 1063 223 1110 10
252 1048 415 1110 auctorem
436 1045 582 1129 paritura
603 1067 711 1110 suum:
733 1045 884 1110 mortalia
906 1046 1002 1110 corda

257 1152 414 1216 artificem
436 1156 544 1217 texere
566 1152 635 1237 poli
657 1151 833 1237 mundique
856 1156 1002 1236 repertor

256 1281 331 1343 pars
354 1258 418 1323 fuit
440 1259 573 1323 humani
596 1260 723 1346 generis
745 1259 905 1342 latuitque
928 1259 988 1323 sub
1011 1282 1076 1325 uno

256 1369 399 1451 pectore,
422 1366 478 1450 qui
501 1369 607 1431 totum
629 1366 694 1430 late
717 1366 942 1449 complectitur
964 1367 1088 1453 orbem,

257 1477 290 1537 et
313 1473 369 1557 qui
391 1495 457 1537 non
480 1473 593 1557 spatiis
615 1478 732 1558 terrae,
755 1494 821 1537 non
844 1473 992 1557 aequoris
1014 1474 1100 1538 unda

191 1595 224 1645 15
251 1602 310 1645 nec
333 1579 459 1664 capitur
481 1579 582 1666 caelo,
604 1601 723 1664 paruos
745 1578 902 1643 confluxit
924 1579 959 1643 in
981 1584 1079 1645 arbas.

257 1688 336 1771 quin
358 1693 391 1752 et
413 1688 563 1772 supplicii
586 1709 703 1752 nomen
725 1708 889 1771 nexusque
913 1686 1043 1773 subisti,

256 1798 293 1858 ut
315 1817 374 1860 nos
397 1795 578 1879 subriperes
600 1794 666 1858 leto
689 1797 890 1876 mortemque
913 1794 1042 1879 fugares

256 1903 361 1966 morte
383 1907 453 1986 tua,
475 1924 551 1966 mox
574 1900 732 1965 aetherias
755 1903 884 1964 euectus
908 1900 942 1964 in
966 1922 1058 1964 auras

256 2011 395 2094 purgata
416 2011 563 2092 repetens
585 2008 706 2071 laetum
729 2007 844 2071 tellure
867 2010 1043 2091 parentem.

190 2129 224 2177 20
252 2110 437 2198 Augustum
460 2114 583 2198 foueas,
606 2112 697 2177 festis
719 2115 757 2175 ut
779 2133 873 2196 saepe
897 2111 1009 2176 diebus

257 2241 363 2283 annua
386 2219 501 2284 sinceri
524 2218 663 2283 celebret
685 2219 804 2283 ieiunia
827 2219 918 2283 sacri.

262 2412 304 2466 De
323 2415 437 2466 auctore
456 2410 588 2465 carminis
607 2410 638 2464 in
654 2409 832 2480 praefatione
851 2410 1029 2465 dictumest:
1049 2409 1116 2464 libri
1134 2428 1200 2464 mss.

191 2482 348 2537 Claudiano
363 2482 523 2552 adsignant.
552 2482 626 2537 inter
635 2481 808 2536 Damasiana
821 2481 933 2536 rettulit
942 2480 1090 2535 Fabricius
1102 2500 1130 2551 p.
1140 2487 1200 2550 174,

190 2570 276 2621 quem
294 2554 384 2609 secuti
402 2557 468 2608 sunt
487 2553 621 2608 Saraceni
638 2572 665 2607 n.
683 2560 699 2607 9
719 2552 775 2622 (hic
794 2552 976 2622 dubitanter),
995 2551 1114 2606 Riuinus
1133 2571 1159 2606 n.
1175 2558 1200 2621 5,

190 2625 326 2679 Merenda
342 2644 368 2680 n.
384 2632 408 2680 2.
442 2625 549 2679 habent
562 2624 702 2679 editiones
717 2623 916 2692 Claudianeaa,
936 2622 1088 2691 exquibus
1103 2623 1200 2677 adfero

189 2695 359 2750 nouissimas
368 2695 453 2751 Birtii
460 2697 582 2750 Monam.
591 2694 682 2750 Germ.
692 2697 765 2749 auct.
774 2694 922 2762 antiquiss.
930 2695 956 2747 X
967 2713 994 2764 p.
1001 2699 1053 2748 330
1063 2713 1089 2749 n.
1097 2694 1203 2748 XXXII

190 2770 221 2822 et
235 2767 337 2821 Koehii
351 2767 436 2838 (Lips.
452 2770 531 2837 1893)
544 2785 571 2837 p.
583 2772 634 2821 248
648 2785 675 2820 n.
685 2765 796 2820 XXXII.
824 2765 962 2819 nonnulla
979 2764 1010 2819 in
1024 2782 1105 2819 suum
1118 2782 1201 2819 usum

190 2838 279 2893 uertit
292 2841 391 2893 auctor
405 2838 537 2892 carminis
552 2837 703 2907 sequentis,
718 2837 794 2905 quod
808 2835 911 2891 confer.
943 2853 990 2891 uu.
1005 2842 1092 2890 8—15
1108 2835 1202 2890 adfert

190 2910 366 2965 Helinandus
380 2909 490 2979 Frigidi
503 2909 608 2964 Montis
621 2908 776 2963 monachus
790 2910 873 2977 (saec.
887 2908 953 2962 XIII
966 2907 1016 2977 in.)
1031 2923 1110 2963 serm.
1124 2906 1203 2960 XXII

190 2981 287 3051 Migne
300 2981 405 3036 Patrol.
421 2981 470 3035 lat.
487 2980 582 3035 ooxn
594 2998 621 3049 p.
637 2986 688 3034 666
699 2997 739 3046 sq.
762 2981 843 3034 ‘sicut
861 2986 886 3035 ct
898 2980 1009 3051 pectilia
1022 2979 1202 3047 303130131-

188 3053 290 3107 stc'anc's
307 3055 432 3108 uersatus
449 3054 557 3107 laudem
575 3053 633 3107 31113
651 3052 765 3120 pulclrrc
782 3057 943 3119 prosecutus
960 3056 998 3104 est
1016 3051 1120 3105 diceus:
1143 3051 1201 3103 ntr-

189 3126 265 3193 913131
277 3131 398 3180 truncae
411 3124 500 3178 simcs’
516 3139 539 3177 e.
551 3140 577 3191 q.
588 3139 609 3176 s.
642 3121 676 3175 cf.
692 3120 827 3175 Manitius
842 3121 912 3175 Mus.
923 3120 1011 3175 Rhen.
1024 3120 1098 3173 XLV
1111 3138 1138 3189 p.
1149 3125 1201 3173 317

264 3201 277 3249 1
297 3195 355 3264 r'pse
372 3211 423 3264 pro
444 3195 551 3249 Christe
568 3209 640 3246 unus
659 3208 675 3246 e
694 3193 775 3247 codd.
789 3191 874 3245 Birtii
894 3194 898 3257 Ι
919 3190 1047 3247 ceadual
1066 3189 1203 3246 3311131131

190 3266 262 3318 aaut
279 3265 360 3319 codd.
375 3268 414 3334 112
432 3266 544 3331 fuderat
561 3267 620 3319 alta
637 3280 702 3332 pars
722 3263 812 3332 codd,
830 3263 926 3331 suadit
943 3264 978 3317 ab
997 3264 1055 3317 alta
1069 3261 1179 3316 Fabric.
1194 3261 1204 3333 11

191 3341 209 3388 4
226 3342 259 3389 tu
271 3352 321 3403 pro
335 3339 384 3405 qai
400 3352 466 3405 pars
481 3335 562 3390 codd.
577 3336 606 3389 et
619 3333 775 3401 Fabricius,
793 3350 866 3401 quae
880 3332 965 3387 lectio
980 3335 1126 3402 praestare
1140 3331 1204 3386 uisa

191 3406 236 3458 est
249 3405 357 3460 Kochio
371 3408 380 3476 11
394 3413 410 3460 6
429 3408 562 3461 mucidum
575 3407 605 3460 et
616 3407 715 3461 mucidi
728 3405 818 3471 codd,
836 3406 1048 3487 temptauerunt
1063 3405 1206 3459 1131111313

191 3474 334 3546 Barthius‚
348 3484 462 3533 1333113311
470 3477 541 3544 Birt,
551 3494 652 3532 umnec
660 3476 739 3531 Koch
749 3475 886 3545 (Christus
899 3475 977 3529 1dem
989 3474 1038 3543 qui
1052 3475 1184 3543 mundus)
1195 3474 1205 3546 11

193 3550 209 3599 7
227 3564 355 3617 quemque
367 3555 453 3615 atero,
483 3550 589 3618 uodqae
601 3553 686 3616 ctae,
700 3564 778 3618 quem
789 3549 871 3602 aerbo
884 3545 966 3601 codd.
978 3546 981 3613 Ι
993 3547 1118 3613 iuficsrcn
1132 3562 1205 3599 unus

192 3617 281 3672 codex
297 3620 301 3688 Ι
316 3622 425 3674 nomiae
443 3566 490 3673 agl
503 3621 599 3690 capelo
612 3635 663 3688 pro
676 3619 789 3673 numine
805 3616 886 3672 codd.
901 3616 1062 3671 deteriores.
1098 3615 1135 3670 iis
1154 3616 1206 3670 ad·
