2662 3922
566 203 773 259 PRAEFATIO
1108 206 1174 260 XXI

209 366 301 430 tabat
323 366 358 430 in
380 367 488 431 codice
511 368 686 432 extiterint.
733 389 749 431 e
772 372 881 432 uetere
908 390 965 432 ms.
989 370 1175 434 monasterii

209 477 232 518 s.
271 452 426 520 Caeciliae
463 460 553 520 trans
589 455 733 520 Tiberim
766 454 811 543 (t)
848 458 986 540 sumpsit
1016 455 1208 524 Iohannest

210 542 359 627 Baptista
385 542 611 629 Villalpandus
644 543 859 610 Cordubensis
895 546 1000 610 editor
1034 545 1177 632 Remigii

210 632 473 716 explanationum
501 634 536 698 in
557 632 652 698 Pauli
680 634 818 719 apostoli
841 633 1008 721 epistulas,
1035 634 1177 699 Maxima

210 720 361 786 biblioth.
383 726 482 787 ueter.
504 726 634 807 patrum
652 720 733 787 Vlll
755 746 786 808 p.
805 722 880 788 888.

277 809 425 894 Denique
458 814 548 874 extat
579 812 676 875 etiam
711 812 745 875 in
777 812 911 897 syllogis
941 811 1031 877 Petri
1064 811 1176 877 Sabini

211 896 320 984 (Rossi
343 897 435 964 Ichr.
459 897 492 963 Π
514 923 544 983 p.
563 900 628 963 441
652 922 700 964 nr.
718 898 807 988 148),
829 901 886 985 qui
909 902 1046 986 sumpsit
1069 923 1086 966 e
1111 902 1176 966 ‘oo—

210 988 278 1052 dice
300 991 430 1053 uetusto
453 988 484 1052 b.
502 987 596 1052 Pauli
620 989 758 1073 apostoli
782 989 992 1073 epistularum
1015 991 1049 1054 in
1068 1011 1176 1055 mona-

208 1077 306 1143 sterio
331 1075 444 1161 Campi
466 1076 607 1162 Martis’,
633 1081 666 1142 et
689 1077 758 1162 Th,
786 1079 824 1143 de
848 1101 912 1163 qua
934 1101 1031 1163 supra
1054 1079 1175 1144 dictum
1184 1088 1230 1144 'lh

208 1170 269 1251 est,
293 1166 423 1230 sedhic
446 1166 598 1230 mutilum
621 1169 654 1230 et
676 1167 954 1251 corruptissimum
979 1165 1088 1253 (Rossi
1110 1168 1131 1232 l.
1150 1189 1175 1232 o.

207 1251 241 1318 H
258 1277 288 1338 p.
299 1255 363 1318 247
382 1253 491 1342 1112).
523 1255 686 1339 praecedit
708 1256 743 1319 in
761 1255 823 1321 hoc
842 1256 949 1320 codice
969 1256 1176 1342 epigramma,

209 1344 295 1426 quod
318 1344 390 1408 dedi
413 1344 448 1407 in
471 1344 644 1428 appendice
667 1344 768 1429 1173,
791 1344 937 1428 sequitur
960 1365 1088 1408 carmen
1109 1366 1176 1410 non

207 1432 314 1496 minus
344 1437 533 1517 corruptum
564 1434 705 1497 auctoris
728 1433 833 1519 ignoti
857 1433 895 1497 de
922 1431 1114 1516 Hieronymi
1141 1433 1177 1497 in

207 1520 381 1605 prophetas
418 1521 670 1608 commentariis,
711 1522 798 1605 quod
833 1521 965 1585 Damasi
1001 1543 1067 1585 non
1108 1542 1175 1586 esse

208 1610 313 1693 primo
338 1610 455 1675 obtutu
478 1608 651 1698 apparetl)

230 1714 318 1791 Quos
349 1716 474 1780 codices
507 1717 547 1779 ad
578 1716 838 1782 constituendum
870 1720 997 1780 textum
1028 1716 1175 1780 sufficere

168 1803 316 1889 arbitror,
339 1805 445 1869 itaut
467 1805 565 1868 ceteri
589 1806 657 1869 sine
681 1805 797 1870 damno
815 1805 943 1891 neglegi
961 1805 1099 1889 possint:
1122 1826 1175 1869 ne-

166 1914 227 1975 que
246 1893 332 1956 enirn
351 1892 534 1957 exhausisse
552 1915 603 1956 me
622 1893 892 1958 bibliothecarum
909 1897 1024 1978 puteos
1042 1893 1176 1980 gloriari

162 1981 306 2045 animum
324 1978 477 2067 induco.²)
502 1982 540 2045 de
558 1981 760 2067 singulorum
778 1987 885 2047 autem
904 1983 1049 2047 codicum
1068 1982 1175 2047 indole

163 2069 241 2153 quid
268 2069 473 2134 iudicandum
500 2071 556 2155 sit,
583 2092 623 2134 ex
650 2075 805 2155 apparatu
833 2073 945 2137 critico
971 2071 1110 2157 patebit,
1142 2072 1176 2135 id

163 2158 328 2244 uidelicet,
359 2158 486 2222 nullum
514 2158 605 2223 uitiis
626 2182 758 2244 prorsus
785 2182 892 2225 carere
913 2183 1018 2244 neque
1040 2161 1135 2224 facile
1158 2182 1175 2223 e

162 2247 351 2311 mendorum
369 2269 484 2334 genere
502 2252 638 2312 stemma
656 2250 754 2314 statui
772 2271 865 2334 posse
883 2249 1042 2314 idoneum.
1067 2248 1174 2314 ortho-

163 2335 318 2421 graphica
340 2336 493 2420 pleraque
515 2338 644 2402 silentio
667 2339 832 2423 praeterii,
863 2360 937 2403 cum
959 2347 999 2402 ne
1021 2337 1175 2401 uetustio-

162 2424 252 2489 ribus
281 2425 410 2510 quidem
436 2425 529 2490 libris
552 2427 630 2491 satis
655 2427 730 2491 fidei
752 2426 864 2491 haberi
886 2426 997 2511 possit.
1042 2427 1175 2490 selectas

163 2517 291 2578 tantum
308 2515 462 2579 lectiones
479 2536 624 2598 propono
644 2516 790 2581 codicum
808 2514 1087 2580 Aurelianensium
1096 2513 1174 2578 Vin-

163 2601 342 2668 docinensis
365 2602 593 2689 Vallicelliani,
625 2608 805 2670 ceterorum
832 2626 883 2669 mo
910 2604 991 2668 scias
1018 2604 1174 2688 recepisse

163 2693 272 2756 omnia
295 2714 376 2777 quae
399 2695 578 2757 memoratu
603 2692 699 2778 digna
721 2694 792 2757 uisa
819 2696 895 2758 sunt
921 2692 1048 2757 omissis
1075 2691 1174 2756 mani-

162 2779 254 2844 festis
276 2777 454 2845 scribarum
472 2780 643 2846 erroribus.
672 2781 734 2846 hoc
757 2782 871 2846 addam
894 2780 1076 2865 exemplum
1097 2778 1174 2844 Aldi

164 2867 391 2934 aFabriciano
413 2891 479 2934 non
503 2869 630 2934 differre
652 2871 715 2934 nisi
739 2870 864 2936 duobus
886 2869 975 2954 locis,
997 2892 1028 2933 u.
1045 2869 1095 2953 13,
1117 2867 1175 2931 ubi

162 2965 251 3021 ratus
272 2956 389 3043 Aldus,
411 2978 502 3023 curus
524 2956 699 3044 Fabricius,
722 2963 755 3023 et
777 2982 807 3022 u.
826 2958 883 3044 25,
905 2958 962 3022 ubi
989 2957 1042 3020 hic
1064 2978 1174 3020 ueram

236 3150 262 3217 1)
280 3146 353 3202 Bul.
373 3147 449 3202 crisa
470 3153 645 3203 rear-1885
663 3166 690 3218 p.
706 3154 722 3202 a
742 3150 771 3203 et
791 3152 832 3202 15.

235 3220 262 3287 9)
279 3218 443 3273 indicantur
472 3218 523 3272 alii
546 3219 657 3274 codices
681 3219 718 3274 ab
741 3218 870 3273 Ewaldio
892 3218 985 3273 Neues
1008 3219 1113 3274 Archiv
1135 3220 1175 3274 VI

186 3294 258 3346 ,316
278 3288 323 3360 (cf.
343 3288 426 3343 Rossi
444 3287 520 3344 Ion.
539 3290 566 3344 Π
583 3308 610 3360 p.
626 3296 687 3359 956,
707 3289 860 3344 Toletanus
880 3294 923 3359 14,
937 3295 970 3343 22
990 3308 1064 3344 nunc
1082 3290 1113 3344 in
1130 3290 1174 3345 bi-

162 3309 308 3416 bliotheca
329 3359 501 3431 Matritenai)
523 3363 553 3415 et
570 3360 601 3414 in
622 3360 766 3430 catalogis
784 3360 1022 3415 bibliothecarum
1040 3361 1172 3431 municip.

164 3431 276 3487 Galliae
298 3431 354 3487 uol.
374 3432 387 3486 I
463 3434 529 3502 uen)
556 3449 583 3501 p.
599 3437 614 3486 1
634 3432 705 3503 (cod.
724 3437 782 3486 111
807 3448 879 3487 saec.
898 3431 959 3501 XI),
987 3451 1013 3502 p.
1030 3438 1081 3487 119
1100 3432 1172 3503 (cod.

162 3508 359 3558 1119911111.
473 3505 502 3558 et
529 3503 585 3558 uol.
604 3502 631 3556 V
655 3501 847 3572 (Charleville)
873 3520 900 3572 p.
920 3509 972 3558 568
996 3504 1067 3572 (cod.
1091 3521 1119 3559 n.
1138 3509 1174 3557 49

165 3590 237 3628 saec.
251 3574 313 3644 XII)
332 3591 451 3643 eumque
469 3591 616 3630 numerum
634 3571 732 3643 augeri
749 3589 832 3643 posse
849 3591 1015 3644 persuasum
1031 3574 1132 3629 habeo.
