<?xml version="1.0" encoding="UTF-8"?>
<!DOCTYPE html PUBLIC "-//W3C//DTD XHTML 1.0 Transitional//EN"
    "http://www.w3.org/TR/xhtml1/DTD/xhtml1-transitional.dtd">
<html xmlns="http://www.w3.org/1999/xhtml" xml:lang="en" lang="en">
 <head>
  <title>
</title>
<meta http-equiv="Content-Type" content="text/html;charset=utf-8" />
  <meta name='ocr-system' content='tesseract 3.04.00' />
  <meta name='ocr-capabilities' content='ocr_page ocr_carea ocr_par ocr_line ocrx_word'/>
</head>
<body>
  <div class='ocr_page' id='page_1' title='image "./anthologialatin03lommgoog_0178.png"; bbox 0 0 2678 3928; ppageno 0'>
   <div class='ocr_carea' id='block_1_1' title="bbox 480 236 1165 339">
    <p class='ocr_par' dir='ltr' id='par_1_1' title="bbox 480 212 1165 339">
     <span class='ocr_line' id='line_1_1' title="bbox 480 236 1165 339; baseline -0.001 -23"><span class='ocrx_word' id='word_1_1' title='bbox 480 236 843 339; x_wconf 66' lang='lat' dir='ltr'><strong>Psavaomulsmua</strong></span> <span class='ocrx_word' id='word_1_2' title='bbox 863 300 868 305; x_wconf 32' lang='lat'>1</span> <span class='ocrx_word' id='word_1_3' title='bbox 1104 261 1165 327; x_wconf 86' lang='lat'><strong>101</strong></span> 
     </span>
    </p>
   </div>
   <div class='ocr_carea' id='block_1_2' title="bbox 630 480 692 544">
    <p class='ocr_par' dir='ltr' id='par_1_2' title="bbox 630 480 692 544">
     <span class='ocr_line' id='line_1_2' title="bbox 630 480 692 544; baseline 0.032 -2"><span class='ocrx_word' id='word_1_4' title='bbox 630 480 692 544; x_wconf 88' lang='grc'><strong>101</strong></span> 
     </span>
    </p>
   </div>
   <div class='ocr_carea' id='block_1_3' title="bbox 201 592 1172 1240">
    <p class='ocr_par' dir='ltr' id='par_1_3' title="bbox 201 592 1172 1240">
     <span class='ocr_line' id='line_1_3' title="bbox 246 592 1027 713; baseline 0.004 -30"><span class='ocrx_word' id='word_1_5' title='bbox 246 592 318 684; x_wconf 51' lang='lat' dir='ltr'><strong>Isto·</strong></span> <span class='ocrx_word' id='word_1_6' title='bbox 335 622 489 686; x_wconf 83' lang='lat' dir='ltr'><strong>salutares</strong></span> <span class='ocrx_word' id='word_1_7' title='bbox 511 621 584 685; x_wconf 87' lang='lat' dir='ltr'><strong>fons</strong></span> <span class='ocrx_word' id='word_1_8' title='bbox 607 622 751 686; x_wconf 79' lang='lat' dir='ltr'><strong>continet</strong></span> <span class='ocrx_word' id='word_1_9' title='bbox 773 598 1027 713; x_wconf 40' lang='lat' dir='ltr'><strong>inolitus&#39;iiiiidffi</strong></span> 
     </span>
     <span class='ocr_line' id='line_1_4' title="bbox 317 709 1057 812; baseline -0.001 -20"><span class='ocrx_word' id='word_1_10' title='bbox 317 732 350 792; x_wconf 88' lang='grc'><strong>55</strong></span> <span class='ocrx_word' id='word_1_11' title='bbox 372 729 454 792; x_wconf 84' lang='grc'><strong>55155</strong></span> <span class='ocrx_word' id='word_1_12' title='bbox 475 727 650 792; x_wconf 82' lang='lat' dir='ltr'><strong>humanam</strong></span> <span class='ocrx_word' id='word_1_13' title='bbox 672 728 842 812; x_wconf 81' lang='lat' dir='ltr'><strong>purificare</strong></span> <span class='ocrx_word' id='word_1_14' title='bbox 865 709 966 792; x_wconf 62' lang='lat' dir='ltr'><strong>luomx</strong></span> <span class='ocrx_word' id='word_1_15' title='bbox 1054 802 1057 812; x_wconf 27' lang='grc' dir='ltr'>Ι</span> 
     </span>
     <span class='ocr_line' id='line_1_5' title="bbox 246 822 1042 919; baseline -0.001 -20"><span class='ocrx_word' id='word_1_16' title='bbox 246 836 357 899; x_wconf 88' lang='lat' dir='ltr'><strong>munia</strong></span> <span class='ocrx_word' id='word_1_17' title='bbox 379 834 496 899; x_wconf 81' lang='lat' dir='ltr'><strong>sacrati</strong></span> <span class='ocrx_word' id='word_1_18' title='bbox 519 858 600 919; x_wconf 83' lang='lat' dir='ltr'><strong>quae</strong></span> <span class='ocrx_word' id='word_1_19' title='bbox 623 836 689 900; x_wconf 87' lang='lat' dir='ltr'><strong>sint</strong></span> <span class='ocrx_word' id='word_1_20' title='bbox 710 836 761 899; x_wconf 90' lang='lat' dir='ltr'><strong>uis</strong></span> <span class='ocrx_word' id='word_1_21' title='bbox 784 836 865 899; x_wconf 84' lang='lat' dir='ltr'><strong>soiro</strong></span> <span class='ocrx_word' id='word_1_22' title='bbox 887 822 1042 919; x_wconf 61' lang='lat' dir='ltr'><strong>liquoris</strong></span> 
     </span>
     <span class='ocr_line' id='line_1_6' title="bbox 318 919 1083 1029; baseline -0.001 -23"><span class='ocrx_word' id='word_1_23' title='bbox 318 943 395 1006; x_wconf 89' lang='lat' dir='ltr'><strong>daut</strong></span> <span class='ocrx_word' id='word_1_24' title='bbox 421 943 634 1028; x_wconf 74' lang='lat' dir='ltr'><strong>regnatricem</strong></span> <span class='ocrx_word' id='word_1_25' title='bbox 661 942 795 1006; x_wconf 82' lang='lat' dir='ltr'><strong>flumina</strong></span> <span class='ocrx_word' id='word_1_26' title='bbox 820 946 929 1006; x_wconf 82' lang='lat' dir='ltr'><strong>sancta</strong></span> <span class='ocrx_word' id='word_1_27' title='bbox 955 919 1083 1029; x_wconf 38' lang='lat' dir='ltr'><strong>fidon?</strong></span> 
     </span>
     <span class='ocr_line' id='line_1_7' title="bbox 201 1048 1172 1134; baseline 0.003 -22"><span class='ocrx_word' id='word_1_28' title='bbox 201 1065 217 1113; x_wconf 81' lang='lat'>5</span> <span class='ocrx_word' id='word_1_29' title='bbox 246 1049 340 1113; x_wconf 83' lang='lat' dir='ltr'>ablue</span> <span class='ocrx_word' id='word_1_30' title='bbox 364 1050 453 1114; x_wconf 87' lang='lat' dir='ltr'><strong>fonte</strong></span> <span class='ocrx_word' id='word_1_31' title='bbox 476 1069 566 1113; x_wconf 86' lang='lat' dir='ltr'><strong>saoro</strong></span> <span class='ocrx_word' id='word_1_32' title='bbox 589 1049 708 1113; x_wconf 80' lang='lat' dir='ltr'><strong>ueteris</strong></span> <span class='ocrx_word' id='word_1_33' title='bbox 731 1050 880 1134; x_wconf 86' lang='lat' dir='ltr'><strong>oontagia</strong></span> <span class='ocrx_word' id='word_1_34' title='bbox 901 1048 1002 1132; x_wconf 84' lang='lat' dir='ltr'><strong>uitae,</strong></span> <span class='ocrx_word' id='word_1_35' title='bbox 1169 1123 1172 1129; x_wconf 51' lang='grc'>,</span> 
     </span>
     <span class='ocr_line' id='line_1_8' title="bbox 317 1140 1078 1240; baseline -0.005 -20"><span class='ocrx_word' id='word_1_36' title='bbox 317 1156 496 1220; x_wconf 91' lang='lat' dir='ltr'><strong>onimium</strong></span> <span class='ocrx_word' id='word_1_37' title='bbox 519 1154 611 1240; x_wconf 82' lang='lat' dir='ltr'><strong>felix,</strong></span> <span class='ocrx_word' id='word_1_38' title='bbox 633 1156 708 1219; x_wconf 88' lang='lat' dir='ltr'><strong>uiue</strong></span> <span class='ocrx_word' id='word_1_39' title='bbox 732 1159 861 1219; x_wconf 84' lang='lat' dir='ltr'><strong>renatus</strong></span> <span class='ocrx_word' id='word_1_40' title='bbox 884 1176 975 1237; x_wconf 87' lang='lat' dir='ltr'><strong>aqua.</strong></span> <span class='ocrx_word' id='word_1_41' title='bbox 1070 1140 1126 1153; x_wconf 53' lang='grc'>’</span> 
     </span>
    </p>
   </div>
   <div class='ocr_carea' id='block_1_4' title="bbox 157 1365 1169 2231">
    <p class='ocr_par' dir='ltr' id='par_1_4' title="bbox 246 1365 973 1452">
     <span class='ocr_line' id='line_1_9' title="bbox 246 1365 973 1452; baseline -0.004 -21"><span class='ocrx_word' id='word_1_42' title='bbox 246 1412 250 1417; x_wconf 89' lang='grc'><strong>-</strong></span> <span class='ocrx_word' id='word_1_43' title='bbox 317 1367 436 1431; x_wconf 79' lang='lat' dir='ltr'><strong>subicit</strong></span> <span class='ocrx_word' id='word_1_44' title='bbox 459 1368 648 1452; x_wconf 85' lang='lat' dir='ltr'><strong>etpedibus</strong></span> <span class='ocrx_word' id='word_1_45' title='bbox 672 1388 764 1431; x_wconf 84' lang='lat' dir='ltr'><strong>oaooa</strong></span> <span class='ocrx_word' id='word_1_46' title='bbox 787 1365 973 1430; x_wconf 85' lang='lat' dir='ltr'><strong>ministeria.</strong></span> 
     </span>
    </p>

    <p class='ocr_par' dir='ltr' id='par_1_5' title="bbox 157 1521 1169 2018">
     <span class='ocr_line' id='line_1_10' title="bbox 231 1521 1167 1592; baseline -0.003 -16"><span class='ocrx_word' id='word_1_47' title='bbox 231 1522 372 1592; x_wconf 75' lang='lat' dir='ltr'>Scriptum</span> <span class='ocrx_word' id='word_1_48' title='bbox 385 1523 441 1577; x_wconf 89' lang='lat' dir='ltr'><strong>fuit</strong></span> <span class='ocrx_word' id='word_1_49' title='bbox 456 1524 506 1578; x_wconf 89' lang='lat' dir='ltr'><strong>‘ad</strong></span> <span class='ocrx_word' id='word_1_50' title='bbox 519 1524 638 1579; x_wconf 84' lang='lat' dir='ltr'><strong>fontem&#39;</strong></span> <span class='ocrx_word' id='word_1_51' title='bbox 654 1523 790 1578; x_wconf 78' lang='lat' dir='ltr'><strong>ecclesiae</strong></span> <span class='ocrx_word' id='word_1_52' title='bbox 805 1542 825 1578; x_wconf 86' lang='lat' dir='ltr'><strong>s.</strong></span> <span class='ocrx_word' id='word_1_53' title='bbox 840 1521 985 1576; x_wconf 85' lang='lat' dir='ltr'><strong>Laurentii</strong></span> <span class='ocrx_word' id='word_1_54' title='bbox 1001 1521 1032 1575; x_wconf 90' lang='lat' dir='ltr'><strong>in</strong></span> <span class='ocrx_word' id='word_1_55' title='bbox 1045 1521 1167 1574; x_wconf 80' lang='lat' dir='ltr'>Damaso</span> 
     </span>
     <span class='ocr_line' id='line_1_11' title="bbox 158 1591 1169 1664; baseline -0.001 -18"><span class='ocrx_word' id='word_1_56' title='bbox 158 1595 231 1647; x_wconf 86' lang='lat' dir='ltr'><strong>teste</strong></span> <span class='ocrx_word' id='word_1_57' title='bbox 250 1593 284 1662; x_wconf 76' lang='lat' dir='ltr'><strong>V,</strong></span> <span class='ocrx_word' id='word_1_58' title='bbox 303 1594 353 1647; x_wconf 92' lang='lat' dir='ltr'><strong>ubi</strong></span> <span class='ocrx_word' id='word_1_59' title='bbox 373 1594 526 1648; x_wconf 80' lang='lat' dir='ltr'><strong>distichum</strong></span> <span class='ocrx_word' id='word_1_60' title='bbox 543 1595 659 1650; x_wconf 85' lang='lat' dir='ltr'><strong>Damasi</strong></span> <span class='ocrx_word' id='word_1_61' title='bbox 677 1613 704 1648; x_wconf 84' lang='lat' dir='ltr'><strong>n.</strong></span> <span class='ocrx_word' id='word_1_62' title='bbox 722 1599 756 1648; x_wconf 98' lang='grc'><strong>55</strong></span> <span class='ocrx_word' id='word_1_63' title='bbox 774 1593 928 1664; x_wconf 56' lang='lat' dir='ltr'><strong>praecedit,</strong></span> <span class='ocrx_word' id='word_1_64' title='bbox 963 1595 1028 1662; x_wconf 88' lang='lat' dir='ltr'><strong>post</strong></span> <span class='ocrx_word' id='word_1_65' title='bbox 1047 1591 1169 1646; x_wconf 82' lang='lat' dir='ltr'><strong>Sirmon-</strong></span> 
     </span>
     <span class='ocr_line' id='line_1_12' title="bbox 160 1662 1168 1734; baseline -0.002 -17"><span class='ocrx_word' id='word_1_66' title='bbox 160 1664 226 1718; x_wconf 93' lang='lat' dir='ltr'><strong>dum</strong></span> <span class='ocrx_word' id='word_1_67' title='bbox 245 1665 293 1733; x_wconf 89' lang='lat' dir='ltr'><strong>(ad</strong></span> <span class='ocrx_word' id='word_1_68' title='bbox 311 1664 406 1719; x_wconf 83' lang='lat' dir='ltr'><strong>Sidon.</strong></span> <span class='ocrx_word' id='word_1_69' title='bbox 421 1665 514 1734; x_wconf 90' lang='lat' dir='ltr'><strong>Apoll.</strong></span> <span class='ocrx_word' id='word_1_70' title='bbox 529 1667 568 1719; x_wconf 91' lang='lat' dir='ltr'><strong>III</strong></span> <span class='ocrx_word' id='word_1_71' title='bbox 586 1683 629 1734; x_wconf 86' lang='lat' dir='ltr'><strong>op.</strong></span> <span class='ocrx_word' id='word_1_72' title='bbox 645 1672 687 1734; x_wconf 82' lang='lat' dir='ltr'><strong>la,</strong></span> <span class='ocrx_word' id='word_1_73' title='bbox 706 1666 781 1719; x_wconf 87' lang='lat' dir='ltr'><strong>undo</strong></span> <span class='ocrx_word' id='word_1_74' title='bbox 798 1665 923 1734; x_wconf 81' lang='lat' dir='ltr'><strong>pandant</strong></span> <span class='ocrx_word' id='word_1_75' title='bbox 942 1662 1075 1718; x_wconf 82' lang='lat' dir='ltr'><strong>Sarazani</strong></span> <span class='ocrx_word' id='word_1_76' title='bbox 1093 1681 1120 1717; x_wconf 85' lang='lat' dir='ltr'><strong>n.</strong></span> <span class='ocrx_word' id='word_1_77' title='bbox 1134 1668 1168 1715; x_wconf 88' lang='grc'><strong>38</strong></span> 
     </span>
     <span class='ocr_line' id='line_1_13' title="bbox 158 1733 1169 1806; baseline -0.003 -18"><span class='ocrx_word' id='word_1_78' title='bbox 158 1738 188 1788; x_wconf 88' lang='grc'><strong>55</strong></span> <span class='ocrx_word' id='word_1_79' title='bbox 205 1735 343 1789; x_wconf 87' lang='lat' dir='ltr'><strong>Marinius</strong></span> <span class='ocrx_word' id='word_1_80' title='bbox 362 1753 406 1805; x_wconf 87' lang='lat' dir='ltr'><strong>ap.</strong></span> <span class='ocrx_word' id='word_1_81' title='bbox 425 1736 534 1790; x_wconf 86' lang='lat' dir='ltr'><strong>Maium</strong></span> <span class='ocrx_word' id='word_1_82' title='bbox 553 1736 653 1806; x_wconf 85' lang='lat' dir='ltr'><strong>Script.</strong></span> <span class='ocrx_word' id='word_1_83' title='bbox 670 1739 726 1790; x_wconf 87' lang='lat' dir='ltr'><strong>uet.</strong></span> <span class='ocrx_word' id='word_1_84' title='bbox 741 1736 768 1789; x_wconf 87' lang='lat' dir='ltr'>V</span> <span class='ocrx_word' id='word_1_85' title='bbox 780 1755 808 1805; x_wconf 92' lang='lat' dir='ltr'><strong>p.</strong></span> <span class='ocrx_word' id='word_1_86' title='bbox 824 1742 884 1803; x_wconf 82' lang='lat'>170,</span> <span class='ocrx_word' id='word_1_87' title='bbox 900 1739 926 1806; x_wconf 89' lang='lat'><strong>1)</strong></span> <span class='ocrx_word' id='word_1_88' title='bbox 945 1734 1036 1789; x_wconf 87' lang='lat' dir='ltr'><strong>edidit</strong></span> <span class='ocrx_word' id='word_1_89' title='bbox 1053 1733 1169 1787; x_wconf 86' lang='lat' dir='ltr'><strong>Rossius</strong></span> 
     </span>
     <span class='ocr_line' id='line_1_14' title="bbox 157 1805 1167 1875; baseline -0.002 -16"><span class='ocrx_word' id='word_1_90' title='bbox 157 1805 234 1860; x_wconf 73' lang='lat'>1011.</span> <span class='ocrx_word' id='word_1_91' title='bbox 249 1807 276 1859; x_wconf 90' lang='grc' dir='ltr'>Π</span> <span class='ocrx_word' id='word_1_92' title='bbox 289 1824 316 1875; x_wconf 88' lang='lat' dir='ltr'><strong>p.</strong></span> <span class='ocrx_word' id='word_1_93' title='bbox 329 1812 378 1860; x_wconf 83' lang='lat'><strong>135</strong></span> <span class='ocrx_word' id='word_1_94' title='bbox 393 1825 420 1861; x_wconf 91' lang='lat' dir='ltr'><strong>n.</strong></span> <span class='ocrx_word' id='word_1_95' title='bbox 431 1814 456 1862; x_wconf 86' lang='lat'><strong>6.</strong></span> <span class='ocrx_word' id='word_1_96' title='bbox 484 1807 606 1861; x_wconf 79' lang='lat' dir='ltr'><strong>Damaso</strong></span> <span class='ocrx_word' id='word_1_97' title='bbox 625 1806 683 1861; x_wconf 89' lang='lat' dir='ltr'><strong>iam</strong></span> <span class='ocrx_word' id='word_1_98' title='bbox 696 1808 831 1861; x_wconf 85' lang='lat' dir='ltr'><strong>Meranda</strong></span> <span class='ocrx_word' id='word_1_99' title='bbox 850 1806 1065 1861; x_wconf 83' lang='lat' dir='ltr'><strong>abiudioauerat</strong></span> <span class='ocrx_word' id='word_1_100' title='bbox 1077 1823 1105 1874; x_wconf 90' lang='lat' dir='ltr'><strong>p.</strong></span> <span class='ocrx_word' id='word_1_101' title='bbox 1116 1810 1167 1858; x_wconf 76' lang='lat'><strong>241</strong></span> 
     </span>
     <span class='ocr_line' id='line_1_15' title="bbox 159 1875 1168 1947; baseline -0.002 -17"><span class='ocrx_word' id='word_1_102' title='bbox 159 1877 196 1930; x_wconf 85' lang='lat' dir='ltr'><strong>ad</strong></span> <span class='ocrx_word' id='word_1_103' title='bbox 214 1896 241 1931; x_wconf 92' lang='lat' dir='ltr'><strong>n.</strong></span> <span class='ocrx_word' id='word_1_104' title='bbox 256 1883 299 1946; x_wconf 90' lang='grc'><strong>35,</strong></span> <span class='ocrx_word' id='word_1_105' title='bbox 319 1877 353 1932; x_wconf 85' lang='lat' dir='ltr'><strong>of.</strong></span> <span class='ocrx_word' id='word_1_106' title='bbox 368 1878 451 1932; x_wconf 87' lang='lat' dir='ltr'><strong>Rossi</strong></span> <span class='ocrx_word' id='word_1_107' title='bbox 469 1877 541 1932; x_wconf 85' lang='lat' dir='ltr'><strong>Bull.</strong></span> <span class='ocrx_word' id='word_1_108' title='bbox 558 1877 633 1932; x_wconf 82' lang='lat' dir='ltr'><strong>crist.</strong></span> <span class='ocrx_word' id='word_1_109' title='bbox 650 1884 825 1932; x_wconf 66' lang='lat'>1884-1885</span> <span class='ocrx_word' id='word_1_110' title='bbox 843 1897 870 1947; x_wconf 93' lang='lat' dir='ltr'><strong>p.</strong></span> <span class='ocrx_word' id='word_1_111' title='bbox 887 1883 927 1932; x_wconf 91' lang='lat'><strong>10.</strong></span> <span class='ocrx_word' id='word_1_112' title='bbox 965 1875 1065 1931; x_wconf 85' lang='lat' dir='ltr'><strong>similis</strong></span> <span class='ocrx_word' id='word_1_113' title='bbox 1085 1892 1168 1944; x_wconf 81' lang='lat' dir='ltr'><strong>argu-</strong></span> 
     </span>
     <span class='ocr_line' id='line_1_16' title="bbox 158 1948 711 2018; baseline 0.002 -18"><span class='ocrx_word' id='word_1_114' title='bbox 158 1948 247 2002; x_wconf 85' lang='lat' dir='ltr'><strong>menti</strong></span> <span class='ocrx_word' id='word_1_115' title='bbox 265 1948 471 2018; x_wconf 85' lang='lat' dir='ltr'><strong>epigrammata</strong></span> <span class='ocrx_word' id='word_1_116' title='bbox 488 1968 514 2004; x_wconf 84' lang='lat' dir='ltr'><strong>n.</strong></span> <span class='ocrx_word' id='word_1_117' title='bbox 531 1955 644 2003; x_wconf 73' lang='lat' dir='ltr'><strong>‘la-74.</strong></span> <span class='ocrx_word' id='word_1_118' title='bbox 660 1954 711 2002; x_wconf 90' lang='grc'><strong>105</strong></span> 
     </span>
    </p>

    <p class='ocr_par' dir='ltr' id='par_1_6' title="bbox 159 2018 1168 2231">
     <span class='ocr_line' id='line_1_17' title="bbox 231 2018 1167 2089; baseline -0.002 -16"><span class='ocrx_word' id='word_1_119' title='bbox 231 2022 397 2075; x_wconf 77' lang='lat' dir='ltr'><strong>lsalatoris</strong></span> <span class='ocrx_word' id='word_1_120' title='bbox 411 2019 545 2074; x_wconf 83' lang='lat' dir='ltr'><strong>Sarazani</strong></span> <span class='ocrx_word' id='word_1_121' title='bbox 609 2022 723 2075; x_wconf 76' lang='grc'><strong>555155</strong></span> <span class='ocrx_word' id='word_1_122' title='bbox 735 2021 810 2087; x_wconf 71' lang='lat' dir='ltr'><strong>fonto</strong></span> <span class='ocrx_word' id='word_1_123' title='bbox 823 2036 922 2074; x_wconf 74' lang='lat' dir='ltr'><strong>monus</strong></span> <span class='ocrx_word' id='word_1_124' title='bbox 937 2025 996 2089; x_wconf 81' lang='lat'>74‚8</span> <span class='ocrx_word' id='word_1_125' title='bbox 1060 2018 1167 2073; x_wconf 76' lang='lat' dir='ltr'><strong>ostat.</strong></span> 
     </span>
     <span class='ocr_line' id='line_1_18' title="bbox 160 2088 1168 2160; baseline 0 -17"><span class='ocrx_word' id='word_1_126' title='bbox 160 2089 228 2144; x_wconf 84' lang='lat' dir='ltr'><strong>Sila.</strong></span> <span class='ocrx_word' id='word_1_127' title='bbox 238 2090 264 2144; x_wconf 91' lang='lat' dir='ltr'><strong>V</strong></span> <span class='ocrx_word' id='word_1_128' title='bbox 275 2097 299 2159; x_wconf 82' lang='lat'><strong>5,</strong></span> <span class='ocrx_word' id='word_1_129' title='bbox 311 2095 345 2143; x_wconf 85' lang='grc'><strong>53</strong></span> <span class='ocrx_word' id='word_1_130' title='bbox 364 2109 379 2146; x_wconf 92' lang='lat' dir='ltr'><strong>o</strong></span> <span class='ocrx_word' id='word_1_131' title='bbox 393 2093 510 2146; x_wconf 74' lang='lat' dir='ltr'><strong>nimium</strong></span> <span class='ocrx_word' id='word_1_132' title='bbox 523 2093 600 2159; x_wconf 76' lang='lat' dir='ltr'><strong>felia,</strong></span> <span class='ocrx_word' id='word_1_133' title='bbox 618 2091 659 2145; x_wconf 90' lang='grc' dir='ltr'><strong>ΠΙ</strong></span> <span class='ocrx_word' id='word_1_134' title='bbox 673 2096 698 2160; x_wconf 90' lang='grc'><strong>3,</strong></span> <span class='ocrx_word' id='word_1_135' title='bbox 712 2096 746 2144; x_wconf 76' lang='grc'><strong>25</strong></span> <span class='ocrx_word' id='word_1_136' title='bbox 764 2093 840 2159; x_wconf 73' lang='lat' dir='ltr'><strong>felia,</strong></span> <span class='ocrx_word' id='word_1_137' title='bbox 859 2110 885 2160; x_wconf 85' lang='lat' dir='ltr'><strong>a,</strong></span> <span class='ocrx_word' id='word_1_138' title='bbox 898 2093 1016 2145; x_wconf 75' lang='lat' dir='ltr'><strong>nimiam</strong></span> <span class='ocrx_word' id='word_1_139' title='bbox 1028 2091 1104 2157; x_wconf 71' lang='lat' dir='ltr'><strong>felix.</strong></span> <span class='ocrx_word' id='word_1_140' title='bbox 1133 2088 1168 2143; x_wconf 87' lang='lat' dir='ltr'><strong>of.</strong></span> 
     </span>
     <span class='ocr_line' id='line_1_19' title="bbox 159 2160 807 2231; baseline 0.003 -17"><span class='ocrx_word' id='word_1_141' title='bbox 159 2161 242 2230; x_wconf 86' lang='lat' dir='ltr'><strong>Vorg.</strong></span> <span class='ocrx_word' id='word_1_142' title='bbox 258 2160 358 2231; x_wconf 80' lang='lat' dir='ltr'><strong>Georg.</strong></span> <span class='ocrx_word' id='word_1_143' title='bbox 373 2163 399 2215; x_wconf 90' lang='lat' dir='ltr'><strong>H</strong></span> <span class='ocrx_word' id='word_1_144' title='bbox 413 2168 464 2216; x_wconf 84' lang='grc'><strong>458</strong></span> <span class='ocrx_word' id='word_1_145' title='bbox 484 2180 499 2217; x_wconf 93' lang='lat' dir='ltr'><strong>o</strong></span> <span class='ocrx_word' id='word_1_146' title='bbox 516 2165 673 2231; x_wconf 72' lang='lat' dir='ltr'><strong>footwaotoa</strong></span> <span class='ocrx_word' id='word_1_147' title='bbox 689 2163 807 2217; x_wconf 76' lang='lat' dir='ltr'><strong>nimium</strong></span> 
     </span>
    </p>
   </div>
   <div class='ocr_carea' id='block_1_5' title="bbox 631 2379 693 2442">
    <p class='ocr_par' dir='ltr' id='par_1_7' title="bbox 631 2379 693 2442">
     <span class='ocr_line' id='line_1_20' title="bbox 631 2379 693 2442; baseline 0 -1"><span class='ocrx_word' id='word_1_148' title='bbox 631 2379 693 2442; x_wconf 83' lang='lat'><strong>102</strong></span> 
     </span>
    </p>
   </div>
   <div class='ocr_carea' id='block_1_6' title="bbox 161 2517 1170 3135">
    <p class='ocr_par' dir='ltr' id='par_1_8' title="bbox 161 2517 1170 3135">
     <span class='ocr_line' id='line_1_21' title="bbox 202 2517 1170 2605; baseline -0.005 -21"><span class='ocrx_word' id='word_1_149' title='bbox 202 2518 278 2584; x_wconf 87' lang='lat' dir='ltr'><strong>Non</strong></span> <span class='ocrx_word' id='word_1_150' title='bbox 295 2520 413 2584; x_wconf 87' lang='lat' dir='ltr'><strong>mirum</strong></span> <span class='ocrx_word' id='word_1_151' title='bbox 429 2524 485 2605; x_wconf 84' lang='lat' dir='ltr'><strong>est,</strong></span> <span class='ocrx_word' id='word_1_152' title='bbox 503 2520 602 2584; x_wconf 83' lang='lat' dir='ltr'><strong>fallax</strong></span> <span class='ocrx_word' id='word_1_153' title='bbox 619 2522 756 2585; x_wconf 88' lang='lat' dir='ltr'><strong>nimium</strong></span> <span class='ocrx_word' id='word_1_154' title='bbox 777 2520 863 2605; x_wconf 91' lang='lat' dir='ltr'><strong>quod</strong></span> <span class='ocrx_word' id='word_1_155' title='bbox 880 2520 1010 2582; x_wconf 88' lang='lat' dir='ltr'><strong>flamma</strong></span> <span class='ocrx_word' id='word_1_156' title='bbox 1027 2517 1170 2581; x_wconf 87' lang='lat' dir='ltr'><strong>minatur</strong></span> 
     </span>
     <span class='ocr_line' id='line_1_22' title="bbox 271 2627 1011 2712; baseline -0.001 -23"><span class='ocrx_word' id='word_1_157' title='bbox 271 2627 423 2711; x_wconf 83' lang='lat' dir='ltr'><strong>martyris</strong></span> <span class='ocrx_word' id='word_1_158' title='bbox 447 2631 479 2690; x_wconf 87' lang='grc'><strong>55</strong></span> <span class='ocrx_word' id='word_1_159' title='bbox 502 2649 618 2712; x_wconf 80' lang='lat' dir='ltr'><strong>eorpus</strong></span> <span class='ocrx_word' id='word_1_160' title='bbox 642 2629 690 2691; x_wconf 89' lang='lat' dir='ltr'><strong>nil</strong></span> <span class='ocrx_word' id='word_1_161' title='bbox 712 2628 860 2691; x_wconf 78' lang='lat' dir='ltr'><strong>nocitura</strong></span> <span class='ocrx_word' id='word_1_162' title='bbox 883 2628 1011 2690; x_wconf 81' lang='lat' dir='ltr'><strong>cremat.</strong></span> 
     </span>
     <span class='ocr_line' id='line_1_23' title="bbox 204 2732 1097 2819; baseline -0.002 -24"><span class='ocrx_word' id='word_1_163' title='bbox 204 2754 343 2816; x_wconf 84' lang='lat' dir='ltr'><strong>namque</strong></span> <span class='ocrx_word' id='word_1_164' title='bbox 368 2733 460 2797; x_wconf 83' lang='lat' dir='ltr'><strong>dooet</strong></span> <span class='ocrx_word' id='word_1_165' title='bbox 481 2733 557 2797; x_wconf 83' lang='lat' dir='ltr'><strong>fidei</strong></span> <span class='ocrx_word' id='word_1_166' title='bbox 580 2755 730 2819; x_wconf 84' lang='lat' dir='ltr'><strong>magnam</strong></span> <span class='ocrx_word' id='word_1_167' title='bbox 753 2735 821 2797; x_wconf 86' lang='lat' dir='ltr'><strong>sino</strong></span> <span class='ocrx_word' id='word_1_168' title='bbox 844 2732 971 2796; x_wconf 85' lang='lat' dir='ltr'><strong>uindioo</strong></span> <span class='ocrx_word' id='word_1_169' title='bbox 993 2752 1097 2814; x_wconf 79' lang='lat' dir='ltr'><strong>poena</strong></span> 
     </span>
     <span class='ocr_line' id='line_1_24' title="bbox 271 2838 957 2924; baseline -0.001 -23"><span class='ocrx_word' id='word_1_170' title='bbox 271 2838 311 2901; x_wconf 91' lang='lat' dir='ltr'><strong>ad</strong></span> <span class='ocrx_word' id='word_1_171' title='bbox 334 2840 457 2902; x_wconf 82' lang='lat' dir='ltr'><strong>eaelum</strong></span> <span class='ocrx_word' id='word_1_172' title='bbox 480 2839 594 2902; x_wconf 84' lang='lat' dir='ltr'><strong>modiis</strong></span> <span class='ocrx_word' id='word_1_173' title='bbox 618 2839 748 2924; x_wconf 85' lang='lat' dir='ltr'><strong>ignibus</strong></span> <span class='ocrx_word' id='word_1_174' title='bbox 771 2860 838 2902; x_wconf 86' lang='grc'><strong>5555</strong></span> <span class='ocrx_word' id='word_1_175' title='bbox 861 2838 957 2901; x_wconf 91' lang='lat' dir='ltr'><strong>uiam.</strong></span> 
     </span>
     <span class='ocr_line' id='line_1_25' title="bbox 161 2942 1065 3028; baseline -0.004 -20"><span class='ocrx_word' id='word_1_176' title='bbox 161 2959 177 3008; x_wconf 81' lang='grc'><strong>5</strong></span> <span class='ocrx_word' id='word_1_177' title='bbox 204 2942 290 3007; x_wconf 88' lang='lat' dir='ltr'><strong>huno</strong></span> <span class='ocrx_word' id='word_1_178' title='bbox 314 2945 432 3008; x_wconf 86' lang='lat' dir='ltr'><strong>etenim</strong></span> <span class='ocrx_word' id='word_1_179' title='bbox 454 2945 574 3008; x_wconf 72' lang='lat' dir='ltr'><strong>fluitur</strong></span> <span class='ocrx_word' id='word_1_180' title='bbox 596 2949 720 3028; x_wconf 75' lang='lat' dir='ltr'><strong>maityr</strong></span> <span class='ocrx_word' id='word_1_181' title='bbox 742 2943 934 3008; x_wconf 74' lang='lat' dir='ltr'><strong>Laurentius</strong></span> <span class='ocrx_word' id='word_1_182' title='bbox 956 2942 1065 3027; x_wconf 79' lang='lat' dir='ltr'><strong>ignem</strong></span> 
     </span>
     <span class='ocr_line' id='line_1_26' title="bbox 271 3049 949 3135; baseline -0.003 -21"><span class='ocrx_word' id='word_1_183' title='bbox 271 3053 304 3114; x_wconf 89' lang='grc'><strong>55</strong></span> <span class='ocrx_word' id='word_1_184' title='bbox 325 3050 450 3113; x_wconf 84' lang='lat' dir='ltr'><strong>meritis</strong></span> <span class='ocrx_word' id='word_1_185' title='bbox 473 3051 606 3114; x_wconf 90' lang='lat' dir='ltr'><strong>summis</strong></span> <span class='ocrx_word' id='word_1_186' title='bbox 628 3073 669 3115; x_wconf 84' lang='lat' dir='ltr'><strong>uo</strong></span> <span class='ocrx_word' id='word_1_187' title='bbox 692 3051 850 3114; x_wconf 85' lang='lat' dir='ltr'><strong>moriatur</strong></span> <span class='ocrx_word' id='word_1_188' title='bbox 872 3049 949 3135; x_wconf 82' lang='lat' dir='ltr'><strong>agit.</strong></span> 
     </span>
    </p>
   </div>
   <div class='ocr_carea' id='block_1_7' title="bbox 157 3205 1170 3704">
    <p class='ocr_par' dir='ltr' id='par_1_9' title="bbox 157 3205 1170 3704">
     <span class='ocr_line' id='line_1_27' title="bbox 229 3205 1169 3274; baseline 0 -16"><span class='ocrx_word' id='word_1_189' title='bbox 229 3206 272 3259; x_wconf 84' lang='lat' dir='ltr'><strong>Ex</strong></span> <span class='ocrx_word' id='word_1_190' title='bbox 289 3206 324 3274; x_wconf 88' lang='lat' dir='ltr'><strong>L,</strong></span> <span class='ocrx_word' id='word_1_191' title='bbox 348 3205 397 3273; x_wconf 89' lang='lat' dir='ltr'><strong>qui</strong></span> <span class='ocrx_word' id='word_1_192' title='bbox 420 3205 495 3260; x_wconf 88' lang='lat' dir='ltr'><strong>solus</strong></span> <span class='ocrx_word' id='word_1_193' title='bbox 519 3208 645 3261; x_wconf 87' lang='lat' dir='ltr'><strong>seruauit</strong></span> <span class='ocrx_word' id='word_1_194' title='bbox 667 3224 730 3261; x_wconf 88' lang='lat' dir='ltr'><strong>oum</strong></span> <span class='ocrx_word' id='word_1_195' title='bbox 752 3206 885 3261; x_wconf 82' lang='lat' dir='ltr'><strong>lemmate</strong></span> <span class='ocrx_word' id='word_1_196' title='bbox 908 3207 940 3258; x_wconf 76' lang='lat' dir='ltr'><strong>ia</strong></span> <span class='ocrx_word' id='word_1_197' title='bbox 962 3205 1073 3260; x_wconf 73' lang='grc'><strong>5555555</strong></span> <span class='ocrx_word' id='word_1_198' title='bbox 1097 3205 1169 3258; x_wconf 76' lang='lat' dir='ltr'><strong>boati</strong></span> 
     </span>
     <span class='ocr_line' id='line_1_28' title="bbox 160 3275 1170 3347; baseline -0.002 -17"><span class='ocrx_word' id='word_1_199' title='bbox 160 3279 309 3332; x_wconf 61' lang='lat' dir='ltr'><strong>Lamentis</strong></span> <span class='ocrx_word' id='word_1_200' title='bbox 331 3279 474 3347; x_wconf 62' lang='lat' dir='ltr'><strong>martyris,</strong></span> <span class='ocrx_word' id='word_1_201' title='bbox 498 3277 648 3331; x_wconf 82' lang='lat' dir='ltr'><strong>ediderunt</strong></span> <span class='ocrx_word' id='word_1_202' title='bbox 666 3278 744 3332; x_wconf 83' lang='lat' dir='ltr'><strong>Grut.</strong></span> <span class='ocrx_word' id='word_1_203' title='bbox 766 3282 909 3346; x_wconf 80' lang='lat' dir='ltr'><strong>1164,1a,</strong></span> <span class='ocrx_word' id='word_1_204' title='bbox 933 3275 1070 3330; x_wconf 88' lang='lat' dir='ltr'><strong>Marinius</strong></span> <span class='ocrx_word' id='word_1_205' title='bbox 1094 3275 1170 3344; x_wconf 89' lang='lat' dir='ltr'><strong>apud</strong></span> 
     </span>
     <span class='ocr_line' id='line_1_29' title="bbox 159 3347 1169 3429; baseline -0.002 -28"><span class='ocrx_word' id='word_1_206' title='bbox 159 3348 267 3402; x_wconf 87' lang='lat' dir='ltr'><strong>Maium</strong></span> <span class='ocrx_word' id='word_1_207' title='bbox 281 3347 381 3418; x_wconf 82' lang='lat' dir='ltr'><strong>Soript.</strong></span> <span class='ocrx_word' id='word_1_208' title='bbox 396 3350 452 3402; x_wconf 89' lang='lat' dir='ltr'><strong>uet.</strong></span> <span class='ocrx_word' id='word_1_209' title='bbox 463 3348 489 3400; x_wconf 85' lang='lat' dir='ltr'><strong>V</strong></span> <span class='ocrx_word' id='word_1_210' title='bbox 502 3367 529 3417; x_wconf 89' lang='lat' dir='ltr'><strong>p.</strong></span> <span class='ocrx_word' id='word_1_211' title='bbox 545 3355 588 3418; x_wconf 89' lang='grc'><strong>33,</strong></span> <span class='ocrx_word' id='word_1_212' title='bbox 599 3355 623 3418; x_wconf 88' lang='grc'><strong>3,</strong></span> <span class='ocrx_word' id='word_1_213' title='bbox 637 3348 720 3402; x_wconf 85' lang='lat' dir='ltr'><strong>Rossi</strong></span> <span class='ocrx_word' id='word_1_214' title='bbox 733 3348 811 3403; x_wconf 72' lang='lat'>1011.</span> <span class='ocrx_word' id='word_1_215' title='bbox 825 3349 852 3401; x_wconf 92' lang='grc' dir='ltr'>Π</span> <span class='ocrx_word' id='word_1_216' title='bbox 865 3366 892 3429; x_wconf 84' lang='lat' dir='ltr'><strong>p.</strong></span> <span class='ocrx_word' id='word_1_217' title='bbox 904 3353 1013 3416; x_wconf 80' lang='lat'>151‚24.</span> <span class='ocrx_word' id='word_1_218' title='bbox 1046 3347 1169 3400; x_wconf 88' lang='lat' dir='ltr'><strong>Damaso</strong></span> 
     </span>
     <span class='ocr_line' id='line_1_30' title="bbox 158 3417 1170 3488; baseline -0.001 -16"><span class='ocrx_word' id='word_1_219' title='bbox 158 3419 376 3473; x_wconf 84' lang='lat' dir='ltr'><strong>uindicauerunt</strong></span> <span class='ocrx_word' id='word_1_220' title='bbox 390 3419 563 3488; x_wconf 72' lang='lat' dir='ltr'><strong>argumentis</strong></span> <span class='ocrx_word' id='word_1_221' title='bbox 582 3436 638 3474; x_wconf 91' lang='lat' dir='ltr'><strong>non</strong></span> <span class='ocrx_word' id='word_1_222' title='bbox 657 3419 762 3474; x_wconf 77' lang='lat' dir='ltr'><strong>adlatis</strong></span> <span class='ocrx_word' id='word_1_223' title='bbox 776 3420 913 3473; x_wconf 87' lang='lat' dir='ltr'><strong>Baromus</strong></span> <span class='ocrx_word' id='word_1_224' title='bbox 933 3436 958 3473; x_wconf 89' lang='lat' dir='ltr'><strong>a.</strong></span> <span class='ocrx_word' id='word_1_225' title='bbox 974 3424 1026 3471; x_wconf 89' lang='grc'><strong>384</strong></span> <span class='ocrx_word' id='word_1_226' title='bbox 1045 3421 1074 3472; x_wconf 86' lang='grc'><strong>55</strong></span> <span class='ocrx_word' id='word_1_227' title='bbox 1088 3417 1170 3471; x_wconf 79' lang='lat' dir='ltr'><strong>Sara-</strong></span> 
     </span>
     <span class='ocr_line' id='line_1_31' title="bbox 159 3489 1167 3561; baseline -0.001 -20"><span class='ocrx_word' id='word_1_228' title='bbox 159 3490 255 3544; x_wconf 86' lang='lat' dir='ltr'><strong>zanius</strong></span> <span class='ocrx_word' id='word_1_229' title='bbox 274 3509 300 3544; x_wconf 89' lang='lat' dir='ltr'><strong>n.</strong></span> <span class='ocrx_word' id='word_1_230' title='bbox 317 3496 364 3559; x_wconf 89' lang='lat'><strong>19,</strong></span> <span class='ocrx_word' id='word_1_231' title='bbox 382 3491 502 3545; x_wconf 85' lang='lat' dir='ltr'><strong>fortasse</strong></span> <span class='ocrx_word' id='word_1_232' title='bbox 521 3490 589 3559; x_wconf 89' lang='lat' dir='ltr'><strong>qnia</strong></span> <span class='ocrx_word' id='word_1_233' title='bbox 607 3490 638 3543; x_wconf 88' lang='lat' dir='ltr'><strong>in</strong></span> <span class='ocrx_word' id='word_1_234' title='bbox 656 3491 752 3545; x_wconf 85' lang='lat' dir='ltr'><strong>oodioe</strong></span> <span class='ocrx_word' id='word_1_235' title='bbox 770 3489 916 3561; x_wconf 78' lang='lat' dir='ltr'><strong>praeeedit</strong></span> <span class='ocrx_word' id='word_1_236' title='bbox 934 3505 1047 3544; x_wconf 84' lang='lat' dir='ltr'><strong>carmen</strong></span> <span class='ocrx_word' id='word_1_237' title='bbox 1064 3489 1167 3542; x_wconf 87' lang='lat' dir='ltr'><strong>Dama-</strong></span> 
     </span>
     <span class='ocr_line' id='line_1_32' title="bbox 159 3557 1169 3632; baseline -0.004 -19"><span class='ocrx_word' id='word_1_238' title='bbox 159 3561 269 3614; x_wconf 86' lang='lat' dir='ltr'><strong>sianum</strong></span> <span class='ocrx_word' id='word_1_239' title='bbox 288 3566 335 3629; x_wconf 78' lang='lat'><strong>573</strong></span> <span class='ocrx_word' id='word_1_240' title='bbox 358 3564 506 3631; x_wconf 85' lang='lat' dir='ltr'><strong>utrumque</strong></span> <span class='ocrx_word' id='word_1_241' title='bbox 531 3562 605 3617; x_wconf 88' lang='lat' dir='ltr'><strong>enim</strong></span> <span class='ocrx_word' id='word_1_242' title='bbox 629 3562 777 3632; x_wconf 84' lang='lat' dir='ltr'><strong>legebatur</strong></span> <span class='ocrx_word' id='word_1_243' title='bbox 794 3562 825 3616; x_wconf 89' lang='lat' dir='ltr'><strong>in</strong></span> <span class='ocrx_word' id='word_1_244' title='bbox 844 3561 963 3616; x_wconf 81' lang='lat' dir='ltr'><strong>ecclesia</strong></span> <span class='ocrx_word' id='word_1_245' title='bbox 982 3579 1002 3617; x_wconf 88' lang='lat' dir='ltr'><strong>s.</strong></span> <span class='ocrx_word' id='word_1_246' title='bbox 1022 3557 1169 3615; x_wconf 86' lang='lat' dir='ltr'><strong>Laurentii</strong></span> 
     </span>
     <span class='ocr_line' id='line_1_33' title="bbox 157 3631 927 3704; baseline 0.006 -20"><span class='ocrx_word' id='word_1_247' title='bbox 157 3631 189 3685; x_wconf 89' lang='lat' dir='ltr'><strong>in</strong></span> <span class='ocrx_word' id='word_1_248' title='bbox 207 3632 338 3687; x_wconf 88' lang='lat' dir='ltr'><strong>Damaso.</strong></span> <span class='ocrx_word' id='word_1_249' title='bbox 375 3632 436 3687; x_wconf 85' lang='lat' dir='ltr'><strong>iuro</strong></span> <span class='ocrx_word' id='word_1_250' title='bbox 456 3633 604 3688; x_wconf 84' lang='lat' dir='ltr'><strong>damnauit</strong></span> <span class='ocrx_word' id='word_1_251' title='bbox 622 3633 757 3688; x_wconf 83' lang='lat' dir='ltr'><strong>Merenda</strong></span> <span class='ocrx_word' id='word_1_252' title='bbox 775 3635 823 3704; x_wconf 87' lang='lat' dir='ltr'><strong>(ad</strong></span> <span class='ocrx_word' id='word_1_253' title='bbox 841 3652 868 3688; x_wconf 92' lang='lat' dir='ltr'><strong>n.</strong></span> <span class='ocrx_word' id='word_1_254' title='bbox 884 3636 927 3704; x_wconf 83' lang='lat'><strong>14)</strong></span> 
     </span>
    </p>
   </div>
   <div class='ocr_carea' id='block_1_8' title="bbox 0 0 1346 3928">
    <p class='ocr_par' dir='ltr' id='par_1_10' title="bbox 0 0 1346 3928">
     <span class='ocr_line' id='line_1_34' title="bbox 0 0 1346 3928; baseline 0 0"><span class='ocrx_word' id='word_1_255' title='bbox 0 0 1346 3928; x_wconf 95' lang='lat' dir='ltr'><strong> </strong></span> 
     </span>
    </p>
   </div>
  </div>
 </body>
</html>
