2678 3920
487 844 848 942 APPENDIX

176 1112 398 1186 CARMINA
436 1111 910 1186 PSEVDODAMASIANA
945 1112 1159 1198 Anmovn

303 1337 353 1390 AD
372 1336 590 1392 DAMASIANA
608 1337 869 1392 INLVSTRANDA
887 1336 1027 1392 IDONEA

538 1442 779 1499 COMPLECTEN
781 1444 799 1499 S

643 1784 686 1849 63

356 1941 496 1996 Vnnsvs
514 1939 725 1995 HIERONYMT
743 1939 971 1994 PRESBYTERI

225 2085 367 2150 Psallere
391 2086 447 2169 qui
471 2085 580 2149 docuit
603 2084 689 2149 dulci
711 2085 929 2150 modulamine
953 2089 1094 2170 sanctos,

228 2195 365 2256 nouerat
387 2191 448 2255 iste
472 2191 579 2256 decem
602 2192 684 2278 legis
708 2192 764 2275 qni
786 2191 886 2256 uerbo
910 2192 1060 2277 dedisset,

229 2302 309 2384 quot
333 2297 442 2384 digitis
469 2298 626 2363 citharam
652 2298 780 2363 chordis
802 2298 1000 2383 totidemque
1025 2298 1162 2384 dicauit,

226 2405 358 2470 nomina
380 2404 433 2468 nel
455 2404 598 2491 signum,
619 2427 790 2469 numerum
813 2426 891 2468 crux
915 2405 985 2488 ipsa
1006 2408 1143 2469 notaret.

178 2531 194 2580 5
227 2513 355 2577 credere
378 2511 456 2596 quid
478 2511 631 2575 dubitas?
668 2511 773 2575 uirtus
795 2511 880 2597 regit
903 2511 1011 2574 omnin
1035 2509 1174 2595 christi,

226 2619 283 2703 qni
305 2618 411 2682 uarias
434 2618 541 2682 1111111111
562 2639 628 2682 uno
651 2618 712 2682 sub
736 2617 876 2684 carmine
899 2617 1040 2703 linguas,

226 2729 264 2790 111
285 2725 422 2809 pecudes
444 2725 654 2809 uolucresque
679 2724 773 2787 deum
796 2745 987 2809 cognoscere
1009 2723 1146 2807 possint.

225 2832 279 2897 hic
302 2852 399 2896 sonus
422 2835 470 2895 est
492 2832 580 2917 fidei,
603 2834 727 2895 mentes
751 2830 807 2914 qui
829 2829 949 2893 mulcet
972 2852 1107 2914 amarae,

226 2939 272 3003 sic
295 2938 551 3022 creatumprior
574 2940 665 3001 tento
689 2958 748 3020 pro
772 2957 903 3000 munere
926 2936 1058 3021 gaudet,

160 3063 194 3133 10
226 3046 341 3110 offerat
362 3048 400 3108 111
423 3044 553 3109 domino
576 3043 681 3108 sclnet
704 3065 785 3127 qnos
807 3042 913 3129 gretia
935 3043 1033 3107 nocis.

172 3158 175 3163 ’
225 3152 382 3235 <quisque
406 3150 476 3214 sitit
498 3150 608 3214 ueniat
631 3149 762 3233 cupiens
785 3149 913 3213 haurire
936 3149 1070 3233 fluente,

225 3257 369 3321 inueniet
391 3257 503 3321 latices
526 3260 656 3321 seruant
679 3257 735 3341 qni
759 3256 864 3320 dulcia
885 3256 1012 3339 mello.)

230 3411 394 3482 Hieronymi
417 3413 529 3468 nomine
556 3414 646 3467 fertur
674 3413 705 3467 in
727 3413 884 3481 codicibus,
913 3412 947 3466 de
971 3411 1073 3479 quibus
1100 3410 1173 3465 uide

158 3482 372 3552 praefationem.
405 3484 555 3539 ediderunt
573 3501 630 3537 nne
644 3501 708 3538 cum
721 3484 844 3538 carmine
860 3482 1032 3537 Damoniono
1048 3488 1061 3535 1
1081 3483 1173 3535 Baro-

158 3552 222 3608 nius
237 3553 313 3625 (inde
329 3554 463 3609 Scrozeni
477 3556 514 3609 od
528 3575 554 3610 n.
571 3559 623 3626 16),
636 3555 741 3611 Paulus
757 3556 791 3609 de
805 3554 943 3624 Legerde,
956 3553 1072 3607 Roscius
1086 3552 1115 3608 11.
1127 3570 1171 3608 co„
