2678 3920
188 188 232 251 34
477 187 616 242 DAMASI
634 186 904 242 EPIGRAMMATA

184 365 308 430 6696666,
325 346 397 401 96116
414 346 484 401 91196
556 352 702 402 tseraare
715 348 868 402 Damasum
883 348 986 430 dixisse
1004 367 1086 420 nego,
1104 367 1195 420 neque

189 418 213 472 si
232 418 375 487 scripseris
394 426 503 473 sarwtae
522 426 546 473 et
563 426 685 473 aaaaret
689 419 796 486 ‚quod
813 419 908 473 nescio
933 438 969 474 an
989 422 1195 476 restituendum

189 490 234 558 sit,
254 506 350 543 uersus
365 489 487 543 Damaso
502 489 604 559 dignus
618 462 716 543 euadit
734 492 769 558 (u.
786 490 849 544 adn
866 497 897 544 11
901 494 957 561 ‚.9)
991 490 1025 546 cf
1041 498 1073 546 18
1088 495 1195 564 intepra

187 579 248 616 cara
266 568 352 616 rector
369 568 491 616 seruaret
507 562 617 628 foedera
630 563 719 629 pacis,
739 567 754 613 9
773 578 833 615 cara
852 563 954 617 lacerat
971 570 1081 618 adactae
1098 567 1195 619 matris

183 634 237 701 pia
253 632 363 699 foedera
452 632 604 687 49166966
622 648 711 686 amore
729 634 784 701 dei,
809 632 844 686 de
863 632 1002 686 similibus
1021 634 1148 688 formulis
1167 653 1193 689 u.

188 704 252 756 adn.
273 709 340 770 11‚2.
377 719 439 757 aere
461 719 511 771 pro
534 702 669 757 aiaereT
757 705 897 758 96696196
914 704 944 758 L.
982 704 1016 759 cf.
1036 710 1069 760 98
1098 713 1123 761 et
1146 723 1195 761 966

185 781 326 829 conteritas
342 775 439 829 habuit
452 791 504 842 per
520 776 742 845 saeratartomea

669 1008 711 1070 29

231 1148 415 1212 Marcelline
437 1153 510 1212 tuos
533 1148 653 1232 6611961
674 1148 769 1212 Ρ6916
791 1170 884 1213 66996
907 1149 1087 1232 triumphos

229 1277 397 1339 percussor
419 1255 530 1319 retulit
552 1254 691 1319 Damaso
714 1255 808 1340 mihi,
832 1277 904 1318 cum
926 1277 1006 1339 puer
1028 1277 1137 1319 essem.

230 1362 308 1427 haec
331 1361 393 1425 sibi
417 1361 598 1424 carnificem
620 1360 768 1425 rabidum
791 1363 940 1425 mandata
964 1361 1097 1426 dedisse:

231 1468 375 1533 sentibus
398 1469 432 1531 in
455 1468 568 1531 mediis
591 1472 698 1531 uestra
720 1472 757 1530 ut
780 1472 857 1531 tunc
881 1469 963 1533 colla
985 1472 1118 1552 secaret,
1192 1468 1194 1472 ⁴

185 1594 202 1640 6
229 1598 270 1640 66
293 1574 453 1638 tumulum
476 1578 620 1637 uestrum
644 1574 813 1657 quisquam
839 1595 1028 1659 cognoscere
1051 1577 1173 1659 posset3

228 1704 288 1746 669
311 1681 429 1745 alacres
451 1681 567 1744 uestris
589 1679 738 1743 manibus
760 1680 928 1745 mundasse
951 1681 1095 1764 sepulcra

230 1788 411 1873 candidule,
434 1787 558 1852 occulto
582 1791 753 1872 postquam
776 1788 910 1851 iacuisse
933 1787 992 1851 sub
1017 1791 1122 1872 antro,

229 1899 340 1979 postea
363 1895 590 1958 commonitam
613 1898 721 1957 uestra
742 1893 861 1977 pietate
884 1893 1055 1978 LuciHam‚

228 2002 282 2065 hic
304 2001 460 2084 placuisse
483 2000 586 2086 magis
609 2001 809 2064 sanctissima
832 2002 966 2065 condere
989 2000 1141 2065 membra.

255 2168 386 2244 Elogium
405 2192 440 2228 ss.
455 2173 612 2228 Marcellini
629 2177 658 2228 et
671 2174 749 2229 Petri
766 2178 921 2245 martyrum
939 2175 987 2229 uia
1000 2175 1144 2229 Labicana
1162 2176 1193 2229 in

128 2280 131 2287 ι
183 2245 352 2301 6666696116
373 2246 421 2299 ‘ad
441 2245 510 2298 duas
529 2246 634 2299 lauros'
656 2245 828 2315 sepultorum
851 2248 887 2315 (u.
906 2245 1096 2316 topographos
1116 2247 1192 2316 apud

184 2317 411 2372 196991661966.
432 2317 573 2385 969916
594 2323 652 2370 178
674 2316 913 2398 1799619661
932 2317 1045 2371 Hieron
1063 2317 1103 2370 IV
1120 2317 1192 2371 Non

183 2389 255 2458 Iun)
275 2386 430 2443 seruauit
422 2405 447 2440 rs
471 2387 519 2455 qui
543 2389 607 2441 6696
630 2404 725 2441 66166
748 2387 922 2456 conscripsit,
940 2389 1012 2442 Acta
1032 2388 1077 2442 SS.
1091 2388 1193 2441 Ilunii

183 2479 209 2530 p.
227 2465 277 2514 173
292 2459 385 2541 (llaec
400 2457 494 2513 omnia
507 2458 653 2527 Damasus,
669 2476 731 2512 oum
745 2458 834 2512 lector
848 2459 1076 2541 6996966616169
1092 2458 1193 2513 didicit

184 2532 221 2585 ab
236 2548 269 2586 eo
284 2530 333 2599 qui
347 2547 394 2584 eos
410 2503 875 2598 (166611666169,69669966166969
890 2530 1082 2612 episcopusin
1096 2546 1192 2584 eorum

185 2602 312 2671 96661616
335 2600 379 2654 919
398 2599 544 2655 6619166119
568 2600 755 2682 declarauit’.)
788 2600 977 2670 fragmentum
999 2600 1040 2655 191
1062 2600 1193 2654 61169966

184 2675 228 2726 699
246 2671 325 2727 919611
343 2689 361 2724 6
378 2670 485 2753 Vigilio
503 2671 590 2753 positi
609 2671 694 2741 (infra
712 2689 738 2725 n.
756 2674 809 2742 89),
832 2672 906 2726 unde
925 2672 1038 2726 uidetur
1056 2688 1192 2741 apparere

183 2742 384 2797 Damasianam
401 2741 613 2823 inscriptionem
631 2742 760 2796 diffracto
779 2759 797 2796 a
811 2742 911 2796 Gothis
927 2759 1064 2824 marmore
1079 2741 1192 2797 saeculo

186 2817 265 2869 sexto
282 2813 407 2895 66111996.
440 2829 475 2867 61
492 2813 554 2882 1696
573 2816 668 2868 66966
686 2812 782 2882 lapide
800 2830 913 2867 carmen
927 2813 1106 2883 exscripsisse
1125 2830 1191 2868 auc-

183 2889 273 2940 torem
291 2884 368 2938 uitae
383 2887 543 2938 sanctorum
561 2884 669 2939 iudicat
682 2884 798 2938 Rossius
811 2883 888 2938 IOhr.
903 2885 929 2937 Π
947 2903 973 2954 p.
988 2891 1031 2939 45.
1064 2901 1099 2939 61
1112 2884 1192 2938 Actis

184 2956 333 3011 ediderunt
357 2955 489 3010 Sarazani
506 2974 533 3010 n.
552 2962 593 3025 12,
612 2954 731 3009 Riuinus
749 2973 775 3010 n.
797 2961 842 3025 14,
861 2955 1022 3009 Mazochius
1040 2957 1067 3009 H
1084 2974 1111 3025 p.
1130 2960 1191 3024 495,

186 3028 320 3082 Merenda
334 3046 361 3082 n.
376 3033 418 3082 23.
451 3026 578 3081 uersibus
597 3043 656 3079 rem
675 3029 787 3080 6661169
805 3029 903 3080 666961
919 3025 1021 3081 6696919
1036 3026 1191 3095 (16169666,

181 3098 261 3152 Ρ669.
281 3097 331 3152 lat.
351 3097 415 3152 6661
434 3097 557 3152 96161161
575 3113 629 3151 rec.
647 3097 831 3151 EDuemmler
847 3099 874 3151 H
891 3115 918 3167 p.
935 3104 998 3153 134:

233 3219 290 3264 (ιιι)
308 3206 373 3259 haec
390 3212 422 3260 at
438 3212 513 3276 pasta
530 3205 687 3271 referantur
704 3205 825 3259 retulisse
844 3205 975 3258 adseram

307 3277 385 3330 ittam
402 3277 504 3345 ipsam,
523 3277 571 3344 qai
588 3277 691 3330 eosdem
708 3277 843 3330 interemit
860 3282 1006 3344 martyres,

307 3352 332 3399 et
350 3347 384 3400 ab
402 3347 451 3401 itio
469 3347 594 3401 didicisse
612 3346 765 3401 Dertosam
779 3347 948 3415 pontificem,

233 3429 288 3475 tua)
306 3434 367 3470 cara
385 3424 471 3472 aetate
486 3418 590 3487 puerili
604 3435 654 3486 per
672 3419 763 3472 eadem
781 3423 901 3486 tempora

306 3489 355 3541 sab
374 3490 501 3559 mapistro
520 3490 687 3543 ministraret
704 3495 729 3543 et
746 3489 784 3542 ad
801 3505 929 3557 mapsam
946 3495 1071 3542 61696669

306 3575 397 3613 reram
414 3561 532 3628 6616166,
551 3565 617 3615 tarro
634 3560 762 3615 Romana
780 3560 861 3613 tector
878 3560 909 3611 ia
926 3558 1044 3612 66616916.
