2662 3922
201 187 314 242 XLVIII
596 184 821 242 TESTIMONIA

267 350 446 433 Mupbucas
466 350 577 432 Veqius
599 348 644 431 (a.
663 348 890 431 1406-1457)
913 349 949 412 ia
971 347 1048 413 libro
1071 349 1108 412 de
1129 349 1212 413 basi-

203 440 264 504 lica
279 440 433 505 Vaticana
451 460 501 520 ap.
515 437 663 503 Rosaum
685 436 784 502 Iuscr.
808 438 908 503 ebriet.
932 436 979 501 Π
990 459 1024 519 p.
1039 441 1119 501 349:
1142 459 1211 501 cra·
1292 494 1296 504 ,

202 529 322 593 borium
350 528 461 592 multis
489 525 644 591 altaribus
672 526 846 610 munitum,
879 525 966 610 quod
997 526 1079 590 sacri
1112 525 1211 590 fontis

201 638 296 681 causa
318 620 446 681 sanctus
469 638 551 700 papa
569 614 728 679 Damasus
746 618 932 679 exbuxerat
956 615 1103 679 ...etsi
1125 636 1211 678 nunc

202 706 345 770 ductum
377 705 432 789 sib,
469 708 580 769 extant
615 708 723 768 tamen
754 704 953 768 subterranci
984 704 1047 788 ipsi
1079 707 1211 788 meabas,

202 795 319 879 quibus
342 816 400 878 per
422 794 524 858 multa
542 792 681 857 miliaria
700 815 783 877 aqua
802 794 985 877 ducebatur,
1008 814 1125 879 magua
1143 796 1210 856 arte

203 887 300 967 atque
323 884 466 967 impensa
489 882 638 946 fabricati
653 933 659 945 .
676 933 682 945 .
698 934 704 946 .
720 882 787 945 eius
809 905 886 947 uero
906 882 1122 966 aquaeductus
1140 904 1211 968 gra-

203 972 248 1035 tia
271 971 428 1035 Damasus
461 971 558 1035 eiiam
590 971 657 1054 ipse
690 971 945 1057 elegantissimos
971 992 1083 1035 uersus
1111 970 1211 1034 edidit
1300 972 1301 979 ’

201 1059 307 1144 lapide
334 1081 513 1125 marmoreo
541 1060 697 1144 sculptos,
729 1060 786 1144 qui
813 1060 917 1124 adhuc
944 1060 1037 1124 lateri
1060 1059 1210 1123 basilicae

202 1149 318 1213 affixus
341 1148 426 1236 estff)

268 1325 381 1391 Pedias
399 1325 536 1392 Sabiaas
554 1327 646 1410 (suec.
660 1326 697 1390 X
702 1325 734 1390 V
742 1326 802 1409 ex.)
820 1327 856 1390 ia
873 1325 985 1408 sylloye
1003 1327 1094 1390 iascr.
1108 1326 1209 1391 caasa

201 1417 287 1497 amad
308 1414 455 1480 Rcssium
478 1416 496 1479 l.
516 1436 539 1480 c.
557 1437 592 1497 p.
610 1420 688 1479 411:
721 1415 862 1479 carmina
885 1414 1016 1478 Damasi
1038 1414 1211 1499 pontificis,

201 1508 238 1567 ut
265 1505 421 1589 suspicari
446 1505 535 1589 licet,
567 1504 668 1568 incisa
694 1504 729 1568 in
756 1504 867 1567 tabula
893 1525 1072 1568 marmorea
1099 1504 1211 1568 ferreis

201 1593 292 1656 uncis
328 1593 460 1657 suffulta
496 1594 529 1657 in
567 1593 718 1657 exteriori
754 1592 860 1656 fronte
891 1592 1023 1675 parietis
1055 1591 1095 1656 ad
1126 1593 1211 1656 labus

201 1681 349 1746 dextrum
377 1682 490 1767 templi
517 1682 584 1746 diui
606 1681 696 1746 Petri
719 1682 754 1745 iu
775 1680 947 1765 Vaticano,
978 1680 1036 1745 ubi
1059 1680 1211 1745 discimus

200 1769 295 1835 hasce
331 1793 426 1835 uoces
463 1772 510 1836 ita
546 1771 644 1835 scribi
682 1770 796 1835 debere
834 1770 967 1854 ‘adque'
1010 1770 1210 1856 ‘adgressus'

201 1858 391 1943 ‘quidquid’
415 1864 447 1924 et
471 1858 634 1947 ‘umor'.¹)

273 2054 298 2120 1)
318 2052 404 2120 epigr.
423 2070 450 2106 n.
466 2058 483 2106 4
501 2069 523 2107 c.
544 2052 638 2107 adnot.
