2662 3922
564 200 771 255 PRAEFATIO
1106 200 1172 255 XXI

207 363 298 428 tabat
321 364 356 427 in
378 364 486 428 codice
509 364 684 428 extiterint.
731 385 748 427 e
770 367 878 427 uetere
906 385 963 427 ms.
987 364 1173 428 monasterii

207 475 230 517 s.
270 451 424 517 Caeciliae
462 456 551 517 trans
588 452 731 516 Tiberim
763 450 809 539 (t)
846 453 983 536 sumpsit
1014 450 1206 518 lohannest

208 541 357 626 Baptista
383 540 609 626 Villalpandns
642 540 857 606 Cordubensis
893 541 998 605 editor
1032 539 1175 627 Remigii

209 630 472 715 explanationum
499 631 534 694 in
555 628 649 694 Pauli
678 630 816 714 apostoli
839 630 1006 716 epistulas,
1032 629 1175 694 Maxima

208 719 359 784 biblioth.
381 723 480 784 nater.
503 724 633 803 patrum
650 717 732 783 VIII
753 742 784 803 p.
804 719 878 783 888.

275 808 424 892 Denique
457 811 546 872 extat
578 809 675 872 etiam
710 809 743 871 in
775 807 910 893 syllogis
940 806 1029 872 Petri
1062 805 1174 872 Sabini

209 895 319 982 (Rossi
342 896 434 961 Ichr.
457 894 491 960 Π
513 920 543 981 p.
562 897 626 960 441
651 919 699 960 nr.
716 895 805 985 148),
828 897 884 981 qui
907 896 1045 981 sumpsit
1067 917 1084 961 e
1109 895 1174 960 ‘co-

208 986 277 1050 dice
299 989 428 1051 uetusto
452 985 483 1049 b.
500 984 595 1050 Pauli
618 985 757 1069 apostoli
780 984 991 1069 epistularum
1014 986 1048 1049 in
1066 1006 1175 1050 mona-

206 1075 305 1140 sterio
330 1073 442 1159 Campi
465 1073 606 1159 Martis’,
631 1078 665 1138 et
687 1072 757 1159 uh,
785 1074 824 1138 de
847 1097 910 1158 qua
932 1097 1030 1158 supra
1052 1074 1174 1138 dictum
1183 1083 1228 1138 ’111

206 1167 268 1248 est,
291 1163 347 1227 sed
368 1163 422 1227 hic
445 1164 597 1227 mutilum
620 1167 653 1227 et
675 1163 953 1247 corruptissimum
977 1161 1087 1248 (Rossi
1108 1163 1130 1227 l.
1148 1184 1173 1227 c.

206 1250 239 1315 H
256 1276 287 1337 p.
298 1253 361 1316 241
381 1250 490 1338 1112).
522 1251 685 1336 praecedit
707 1252 741 1315 in
759 1250 822 1317 hoc
840 1252 948 1316 codice
968 1252 1175 1337 epigramma,

208 1341 294 1424 quod
317 1341 389 1405 dedi
412 1341 447 1404 in
470 1340 643 1425 appendice
666 1341 767 1426 1113,
790 1340 936 1425 sequitur
958 1361 1086 1403 carmen
1109 1361 1175 1404 non

207 1431 314 1494 minus
343 1433 531 1514 corruptum
564 1430 704 1493 auctoris
727 1430 831 1515 ignoti
856 1428 894 1492 de
921 1427 1113 1511 Hieronymi
1140 1428 1175 1491 in

206 1517 381 1604 prophetas
417 1518 669 1604 commentariis,
711 1518 797 1602 quod
833 1517 965 1581 Damasi
1000 1538 1067 1580 non
1107 1536 1174 1582 esse

207 1608 313 1692 primo
337 1608 454 1672 obtutu
478 1604 651 1694 apparet.)

230 1713 317 1790 Quos
349 1713 474 1779 codices
506 1713 547 1777 ad
578 1713 838 1778 constituendum
869 1714 995 1776 textum
1028 1710 1174 1775 sufficere

167 1802 316 1888 arbitror,
339 1803 386 1867 ita
407 1805 445 1866 ut
467 1802 565 1865 ceteri
589 1802 656 1865 sine
681 1801 796 1864 damno
815 1800 944 1886 neglegi
961 1799 1098 1884 possint:
1120 1820 1174 1863 ne-

165 1912 227 1974 que
246 1891 331 1954 enim
351 1890 534 1955 exhausisse
552 1911 603 1953 me
622 1888 891 1954 bibliothecarum
908 1893 1023 1974 puteos
1041 1888 1175 1974 gloriari

162 1979 305 2043 animum
324 1975 477 2064 induco.²)
502 1979 539 2042 de
558 1978 759 2064 singulorum
778 1981 885 2042 autem
904 1978 1049 2042 codicum
1067 1977 1175 2043 indole

163 2068 241 2151 quid
267 2066 473 2132 iudicandum
500 2068 556 2152 sit,
583 2088 623 2130 ex
650 2071 805 2151 apparatu
832 2067 944 2132 critico
971 2065 1109 2151 patebit,
1141 2066 1175 2130 id

164 2155 328 2241 uidelicet,
359 2156 486 2220 nullum
514 2155 605 2220 uitiis
626 2178 758 2240 prorsus
785 2177 892 2220 carere
914 2177 1017 2239 neque
1039 2156 1134 2219 facile
1158 2176 1175 2218 e

162 2244 351 2309 mendorum
368 2266 484 2331 genere
503 2249 638 2309 stemma
656 2245 754 2309 statui
772 2266 866 2329 posse
884 2244 1043 2310 idoneum.
1067 2242 1175 2307 ortho-

164 2332 318 2419 graphica
340 2334 493 2419 pleraque
516 2334 644 2398 silentio
666 2333 832 2419 praeterii,
863 2355 936 2398 cum
959 2342 999 2396 ne
1021 2331 1176 2396 uetustio-

162 2423 253 2488 ribus
280 2423 410 2507 quidem
436 2422 529 2488 libris
552 2426 601 2487 sat
587 2423 630 2487 tis
654 2423 730 2487 fidei
752 2421 865 2487 haberi
886 2422 997 2507 possit.
1042 2421 1175 2484 selectas

163 2515 291 2576 tantum
309 2513 462 2577 lectiones
479 2533 625 2596 propono
644 2511 790 2577 codicum
808 2509 1087 2575 Aurelianensium
1097 2507 1174 2572 Vin-

164 2600 343 2666 docinensis
365 2600 593 2686 Vallicelliani,
626 2604 805 2665 ceterorum
831 2621 883 2664 me
910 2599 991 2663 scias
1019 2597 1174 2682 recepisse

164 2690 272 2755 omnia
295 2711 376 2781 quae
399 2692 579 2754 memoratu
603 2689 700 2775 digna
721 2689 793 2753 uisa
819 2692 895 2752 sunt
921 2687 1049 2752 omissis
1075 2686 1175 2750 mani-

109 2802 113 2811 *
163 2778 254 2843 festis
276 2774 454 2843 scribarum
473 2776 643 2842 erroribus.
672 2776 735 2842 hoc
757 2776 871 2841 addam
894 2775 1076 2858 exemplum
1098 2772 1175 2838 Aldi

165 2865 391 2931 aFabriciano
414 2889 480 2931 non
504 2866 630 2930 differre
652 2866 715 2930 nisi
740 2865 865 2930 duobus
887 2864 975 2949 locis,
998 2886 1028 2927 u.
1045 2863 1095 2948 13,
1117 2862 1174 2925 ubi

162 2963 252 3019 ratus
273 2954 390 3040 Aldus,
411 2975 503 3021 corus
524 2953 700 3040 Fabricius,
723 2958 756 3018 et
777 2977 808 3018 u.
827 2952 884 3039 25,
906 2952 963 3016 ubi
989 2950 1043 3014 hic
1064 2971 1175 3014 ueram

237 3148 263 3214 1)
281 3144 354 3199 Bul]
374 3144 449 3200 esec
471 3149 646 3200 rasi-raas
664 3163 691 3213 p
707 3150 723 3198 s
743 3145 772 3198 et
791 3148 833 3198 15.

236 3220 263 3286 2)
280 3215 444 3270 indicantur
473 3214 524 3269 alii
547 3215 658 3271 codices
682 3215 718 3269 ab
742 3212 871 3268 Ewaldio
893 3212 986 3268 Neues
1009 3212 1113 3269 Archiv
1136 3213 1175 3268 VI

208 3292 259 3343 916
279 3287 324 3358 (cf.
344 3285 427 3342 Rossi
445 3285 521 3342 lchr.
540 3287 688 3356 Π11,256,
708 3285 861 3340 Toletanus
881 3290 923 3354 14,
938 3290 971 3338 22
991 3302 1065 3339 nunc
1083 3284 1114 3338 in
1131 3284 1175 3339 bi·

163 3307 324 3414 bliotheca
330 3356 502 3428 Matritensi)
524 3356 579 3412 18
571 3304 603 3410 rii
623 3356 768 3426 catalogis
785 3355 1024 3411 bibliothecarum
1041 3355 1174 3410 munioi.

166 3430 277 3485 Galliae
299 3429 355 3485 uol.
374 3430 388 3483 Ι
464 3431 530 3499 nen)
557 3446 584 3498 p
601 3428 706 3499 1(ood.
725 3433 783 3482 111
808 3443 880 3482 saec
899 3426 960 3496 XI),
988 3444 1015 3496 p
1032 3433 1082 3481 119
1101 3373 1174 3497 (aad.

164 3519 191 3555 n.
212 3506 264 3555 529
287 3518 360 3556 saec.
384 3500 409 3554 X
474 3502 504 3554 et
530 3499 586 3555 uol.
606 3498 632 3553 V
656 3496 894 3579 (Charleville)p
896 3503 974 3552 5.68
998 3498 1174 3567 (10111149

166 3589 238 3628 saec.
252 3572 314 3642 XII)
333 3588 452 3640 eumque
470 3588 617 3626 numerum
635 3568 733 3639 augeri
751 3586 833 3639 posse
851 3585 1015 3639 persuasum
1033 3568 1133 3622 habeo
