2662 3922
198 192 263 246 VIII
600 193 807 250 PRAEFATIO

192 357 346 440 ponendis
367 356 527 440 tepentem
548 359 630 421 teste
653 355 851 441 Hieronymo
876 358 913 422 de
936 358 995 422 uir.
1018 358 1074 422 inl.
1099 355 1198 444 1031),
1280 326 1283 393 1

198 446 288 510 cuius
311 445 487 532 elegantiae
514 468 549 509 re
574 468 651 509 uera
677 446 816 533 uestigia
838 446 967 532 adsunt,
990 447 1108 531 quippe
1131 469 1199 511 curn
1281 508 1284 527 ,

199 533 410 621 ‘elegantem'
433 537 563 617 poetam
584 534 640 598 ille
662 535 706 599 sit
728 535 881 620 imitatus,
904 534 1093 622 Vergilium.
1130 536 1199 599 hine
1282 530 1284 547 '

199 623 318 687 etenim
355 623 458 686 omnis
494 623 612 706 pendet
650 628 746 707 poeta
787 624 979 688 christianus
1021 629 1199 709 quantoque
1281 682 1284 707 ,

197 712 304 776 studio
327 711 482 775 lectitarit
503 710 690 798 Vergiliana
716 713 857 777 carmina
867 711 906 800 2),
930 736 970 777 ex
992 713 1199 778 adnotationi-
1281 720 1285 781 :

197 800 258 864 bus
281 800 361 864 meis
385 799 509 865 abunde
533 800 708 884 apparebit.
744 802 876 866 minime
898 824 975 866 uero
999 803 1069 866 ueri
1089 805 1199 885 poetae

196 911 315 954 nomen
341 889 471 973 meruit,
501 889 534 952 id
558 889 644 973 quod
666 890 783 954 clamat
806 891 983 954 carminum
1006 890 1140 976 indoles,
1167 892 1200 955 in
1283 916 1285 943 ι

198 977 315 1061 quibus
338 977 430 1040 facile
455 978 682 1043 desideraueris
705 1000 771 1063 non
792 979 921 1064 quidem
939 979 1080 1043 studium
1098 979 1200 1044 breui-

196 1151 246 1234 uel
266 1151 487 1234 fragmentorum
509 1152 707 1208 nonnullorum
729 1152 867 1223 imagines
892 1153 1025 1223 proposui
1050 1118 1081 1205 iri
1102 1154 1201 1208 tabula

197 1224 281 1277 huius
305 1223 437 1277 editroms
462 1225 491 1278 et
513 1224 551 1278 ad
568 1243 614 1280 nn.
630 1230 672 1278 36.
692 1229 733 1278 54.
754 1230 818 1279 59a.
839 1231 873 1280 60
892 1225 936 1294 (cf.
956 1224 1043 1279 etiam
1060 1224 1201 1280 Huebneri

194 1293 314 1363 exempl.
334 1293 427 1363 script.
448 1294 534 1365 epigr.
554 1295 604 1350 lat.
623 1313 664 1349 nr.
681 1300 767 1366 1143).
801 1295 909 1365 egimus
929 1296 963 1351 de
980 1294 1042 1350 uiro
1060 1294 1111 1350 illo
1130 1295 1200 1350 eius·

196 1382 250 1434 que
278 1364 466 1435 calligraphia
492 1366 609 1421 Rossius
635 1366 733 1420 multis
761 1366 831 1421 locis
858 1370 892 1436 (e.
911 1385 938 1436 g.
961 1368 1046 1421 Inscr.
1070 1366 1164 1422 christ.
1188 1369 1202 1422 I

195 1455 222 1506 p.
237 1437 306 1506 LVI,
325 1436 398 1491 Bull.
413 1436 488 1492 crist.
509 1442 685 1492 1884-1885
702 1455 729 1518 p.
742 1443 774 1492 19
785 1440 836 1507 sq.)
855 1441 884 1492 et
902 1455 953 1508 ego
968 1437 1038 1491 Mus.
1049 1437 1138 1493 Rhen.
1149 1438 1166 1492 l.
1177 1456 1199 1493 c.
1286 1472 1288 1481 ι

195 1526 222 1577 p.
234 1513 285 1562 196
294 1525 352 1576 sqq.
368 1511 404 1578 (n.
416 1509 480 1563 adn.
495 1527 521 1562 n.
534 1511 585 1578 18).
622 1507 725 1562 littens
744 1507 907 1578 uolgaribus
926 1525 1038 1563 carmen
1056 1512 1201 1563 exaratum
1285 1500 1288 1521 ⁴

196 1581 257 1633 erat
274 1597 301 1634 n.
318 1585 352 1633 10
371 1582 407 1649 (u.
427 1580 515 1648 adn),
543 1578 647 1634 litteris
670 1594 760 1648 paene
777 1579 980 1634 Philocalianis
998 1598 1025 1633 ιι.
1041 1586 1070 1647 8,
1098 1579 1200 1634 litteris

195 1650 277 1705 bonis
305 1650 355 1705 sed
381 1668 439 1705 non
466 1649 668 1705 Philocalianis
694 1669 721 1704 n.
743 1656 784 1705 17.
821 1650 909 1720 ipsius
936 1650 1076 1705 Philoceli
1102 1668 1201 1706 manus
1250 1674 1255 1685 ·

195 1721 359 1792 agnoscitur
377 1722 408 1777 in
425 1721 518 1776 titulis
538 1722 577 1791 6*,
592 1722 649 1791 381,
664 1721 721 1791 39*,
736 1722 815 1791 6211,
835 1723 870 1777 de
888 1739 1007 1791 quorum
1024 1721 1132 1792 origine
1146 1723 1202 1777 Da-

187 1792 324 1861 masiana
341 1796 438 1848 tamen
455 1793 570 1848 minime
589 1796 701 1848 constat
720 1793 801 1862 (Mus.
820 1793 908 1848 Rhen.
927 1793 945 1848 l.
965 1810 988 1847 c.
1007 1811 1033 1862 p.
1050 1796 1119 1863 198),
1139 1793 1202 1846 imi-

195 1866 321 1918 tatorum
342 1863 373 1917 in
395 1883 441 1919 nn.
462 1865 519 1934 15³,
539 1864 594 1933 w,
614 1864 671 1932 34⁴³,
691 1864 747 1932 50*‚
767 1864 824 1933 51⁴⁸,
843 1865 900 1933 58⁴²,
920 1868 967 1933 ae,
987 1870 1021 1918 ao
1039 1866 1076 1934 (u.
1097 1863 1201 1934 doliu),

196 1933 356 2058 91196101
376 1936 440 1989 adn.
457 1939 508 2005 19).
546 1936 581 1989 de
604 1934 697 1989 titulis
719 1938 846 2004 tempore
868 1935 1024 2005 posteriore
1042 1934 1154 1988 nouatis
1174 1954 1200 1990 u.

195 2022 213 2058 a
254 2010 317 2060 .17.
338 2009 379 2060 18.
399 2011 441 2060 26.

267 2079 293 2144 1)
311 2075 387 2130 infra
404 2076 435 2129 in
452 2076 622 2131 testimoniis
640 2077 827 2147 transcriptus
846 2080 890 2132 ert
907 2076 993 2132 locus.

267 2151 292 2217 2)
315 2146 490 2201 imitationes
519 2147 698 2217 Vergilianas
730 2150 930 2218 congesserunt
961 2147 1098 2202 Menitius
1130 2148 1202 2203 Mus.

194 2217 283 2272 Rhen.
302 2217 376 2272 XLV
393 2236 419 2299 p.
436 2223 499 2285 316,
529 2218 687 2273 Stomaiolo
711 2218 793 2274 Studi
816 2222 845 2273 et
868 2218 1030 2274 documenti
1047 2219 1099 2273 Vll
1116 2237 1143 2288 p.
1159 2226 1202 2288 23,

195 2289 305 2343 Amend
319 2289 438 2343 Studren
452 2307 486 2343 zu
501 2289 555 2343 den
566 2288 722 2344 Gedichten
737 2291 786 2344 des
795 2291 914 2358 Papstes
923 2289 1062 2345 Damasus
1076 2298 1203 2360 p.6sqq.,

195 2359 229 2414 cf.
249 2361 319 2414 Mus.
338 2360 427 2415 Rhen.
445 2360 468 2414 L
485 2378 513 2429 p.
529 2365 588 2415 194.
624 2364 736 2430 praeter
753 2360 910 2431 Vergilium
934 2360 1036 2416 Ouidio
1059 2379 1126 2415 usus
1149 2365 1203 2430 est,

195 2432 245 2485 sed
263 2431 352 2486 multo
371 2431 470 2500 rarius,
489 2432 599 2487 Amend
616 2451 643 2502 p.
660 2439 693 2486 10
711 2435 747 2502 (ιι.
768 2433 832 2487 adn.
850 2450 897 2486 nn.
917 2437 941 2486 2.
961 2437 986 2486 4.
1005 2438 1030 2487 8.
1051 2437 1074 2487 9.
1095 2439 1137 2487 10.
1158 2438 1201 2487 13.

196 2507 236 2556 14.
258 2508 298 2557 17.
319 2508 360 2556 19.
380 2508 422 2557 27.
442 2507 484 2557 53.
505 2507 561 2572 57);
589 2520 680 2572 pauca
699 2504 839 2571 quaedam
858 2502 1000 2557 Catullum
1017 2503 1092 2574 (adn.
1113 2508 1136 2558 9.
1157 2509 1201 2558 29.

195 2576 252 2642 53),
271 2573 435 2628 Petronium
453 2577 507 2642 (27.
528 2577 585 2642 61),
613 2574 735 2628 Statium
754 2577 789 2643 (4.
809 2580 833 2628 8.
854 2579 877 2628 9.
897 2579 939 2628 49.
960 2580 1017 2643 53),
1046 2573 1147 2628 Silium
1165 2578 1202 2643 (2.

196 2650 237 2698 12.
257 2648 310 2714 27),
329 2645 480 2698 Inuencum
498 2648 533 2715 (1.
553 2651 577 2699 2.
597 2653 621 2699 4.
642 2650 666 2699 8.
686 2647 739 2714 53),
753 2644 904 2700 'Sedulium
920 2647 954 2713 (1.
970 2653 993 2700 9.
1009 2648 1062 2714 23),
1081 2645 1205 2699 Probam

195 2718 360 2784 (1.1a.18‚
383 2732 410 2770 u.
429 2715 499 2771 Mus.
519 2716 607 2771 Rhen.
626 2716 648 2769 L
666 2735 693 2785 p.
710 2722 774 2784 195,
803 2714 963 2770 Stornaiolo
981 2715 999 2770 l.
1020 2720 1054 2783 c.)
1078 2715 1203 2785 sapiunt,
1253 2765 1255 2769 ,

194 2784 297 2854 quibus
315 2788 412 2841 tamen
428 2803 464 2841 ne
482 2786 601 2841 nimium
617 2786 749 2856 ponderis
767 2786 877 2840 tribuas
900 2802 1008 2841 moneo.
1046 2786 1205 2841 Horatiana

194 2875 252 2911 non
270 2861 425 2926 ocemont,
444 2874 534 2926 neque
553 2858 629 2913 enim
646 2858 719 2911 illud
732 2860 781 2913 sab
795 2859 885 2913 iudice
898 2858 1028 2926 (11118)
1047 2857 1206 2926 quidquam

194 2928 274 2982 ualet
301 2928 425 2995 (MHertz
448 2930 529 2984 Anal.
554 2930 591 2983 ad
613 2929 728 2984 carmin.
752 2929 850 2983 Horat.
874 2927 972 2983 histor.
995 2928 1035 2982 IV
1052 2946 1080 2998 p.
1096 2932 1147 2996 19).
1168 2961 1205 2969 -

193 3015 229 3052 ex
246 2999 448 3068 posterioribus
462 3000 647 3055 Prudentium
659 2999 776 3054 Damasi
794 2999 999 3069 epigrammata
1017 2999 1154 3054 nonnulla
1173 2999 1206 3053 in

194 3069 264 3138 ipsis
283 3069 426 3139 lapidibus
445 3071 548 3141 legisse
566 3070 627 3125 ueri
646 3074 690 3125 est
709 3070 883 3124 simillimum
901 3070 945 3138 (cf.
966 3071 1030 3125 adn.
1043 3076 1083 3125 12.
1101 3075 1142 3124 13.
1159 3075 1204 3124 27.

194 3147 237 3196 32.
257 3146 300 3195 37.
318 3148 361 3197 40.
381 3147 422 3196 42.
442 3146 496 3212 43),
515 3143 550 3196 de
569 3141 633 3197 aliis
653 3141 732 3195 uelut
749 3141 869 3195 Paulino
888 3141 998 3196 Nolano
1017 3145 1047 3195 et
1059 3141 1205 3195 Venantio

194 3211 350 3267 Fortunato
378 3216 485 3268 certum
512 3212 650 3267 iudicium
674 3212 767 3266 facere
792 3212 924 3281 equidem
950 3229 1007 3266 non
1033 3213 1137 3280 audeo,
1167 3212 1204 3266 cf.

193 3285 290 3338 tamen
317 3285 381 3339 adn.
407 3289 430 3338 7.
450 3289 474 3338 8.
495 3289 536 3338 13.
556 3289 599 3337 23.
618 3288 660 3336 27.
681 3289 722 3338 32.
742 3288 785 3338 46.
803 3289 847 3339 49.
867 3289 908 3338 52.
929 3289 971 3337 61.
1016 3282 1207 3337 Dracontium

193 3353 365 3409 Damasiana
390 3353 557 3424 compilasse
582 3353 687 3408 frustra
712 3355 858 3408 contendIt
884 3354 993 3408 Amend
1017 3373 1043 3423 p.
1065 3360 1096 3411 11
1123 3353 1206 3408 nisus
1293 3386 1294 3427 q

194 3424 264 3479 locis
282 3425 454 3496 Vergilianis
474 3423 686 3492 Ouidianisque.
724 3425 844 3480 certiora
867 3424 1035 3479 imitationis
1054 3424 1207 3480 Damasia-

193 3514 247 3622 ἓξ)
265 3495 436 3622 t1e9stigqon8ip
447 3495 565 3621 iplippgs
584 3494 727 3564 lapidibus
746 3496 945 3566 deprehendes,
965 3495 998 3550 of.
1019 3495 1083 3550 adn.
1099 3502 1123 3550 9.
1144 3497 1198 3550 21⁸
